2634 3601
1147 278 1518 331 -τ-

211 419 260 450 ea
285 407 445 458 dirigas,
470 406 709 458 pravissima,
736 407 768 448 si
795 406 846 449 ad
872 406 1089 459 disciplinae
1116 403 1254 446 Catoni
1279 404 1467 457 probatae
1491 408 1697 457 praecepta
1723 417 1770 447 ea
1793 408 2019 460 perpendas.
2075 408 2120 449 In
2148 408 2254 449 omni
2281 407 2450 459 denique

210 473 287 512 hac
311 470 573 516 accusatione,
600 481 717 520 quam
740 471 928 511 Murenae
954 469 1194 516 intendisset,
1221 467 1408 508 Catonem
1434 471 1684 520 praepostere
1709 479 1843 520 agere,
1873 471 1963 510 dicit
1989 471 2143 519 Cicero,
2171 471 2375 511 inductum
2404 472 2445 511 in

211 544 385 576 errorem
412 543 566 572 morosa
592 532 657 573 illa
683 532 903 574 Stoicorum
930 533 1115 573 doctrina.
1169 529 1379 579 Quaeritur
1404 532 1542 583 igitur,
1578 534 1734 572 rectene
1760 531 1894 572 fecerit
1920 531 2072 578 Cicero,
2098 546 2218 582 quum
2244 535 2340 574 tales
2369 534 2444 574 Ca-

212 602 345 638 tonem
379 598 493 645 atque
519 595 669 635 Stoicos
695 596 941 634 describeret.
992 594 1240 645 Respondeo,
1270 595 1398 634 omnia
1423 604 1489 642 ea,
1523 604 1623 646 quae
1649 594 1713 635 hic
1745 596 1882 635 contra
1909 604 1977 634 eos
2002 594 2118 641 dixit,
2150 604 2242 633 vera
2263 607 2346 636 esse
2371 598 2443 638 mi-

210 663 391 711 nimeque
415 659 521 707 ficta,
549 658 791 709 eandemque
815 657 933 697 fuisse
957 667 1037 696 non
1063 657 1187 696 solum
1212 668 1367 704 eorum,
1395 660 1461 708 qui
1487 659 1584 698 baec
1610 659 1834 705 audiebant,
1861 658 1930 697 sed
1954 659 2072 697 etiam
2100 658 2202 706 vulgi
2230 658 2279 696 de
2306 658 2445 699 Stoicis

212 728 253 767 et
281 724 330 764 de
357 722 503 763 Catone
537 722 769 772 opinionem.
824 719 1005 761 Ceterum
1032 718 1163 759 Cicero
1198 728 1289 758 sane
1319 721 1409 761 talia
1443 720 1515 760 illis
1549 722 1766 772 exprobare
1799 732 1880 761 non
1905 721 2116 772 potuisset,
2148 720 2220 759 nisi
2246 720 2447 760 veritatem

210 799 342 828 seeum
370 787 535 824 stantem
561 785 769 823 habuisset.
822 783 870 822 Id-
892 784 947 822 ita
973 792 1015 820 se
1041 781 1195 827 habere,
1220 782 1260 820 in
1286 784 1398 822 tertia
1423 782 1538 833 buius
1563 784 1835 834 disquisitionis
1862 786 1974 835 parte
2000 782 2299 829 demonstrabo,
2326 793 2446 833 quum

208 852 313 904 prius
338 858 465 902 pauca
491 847 539 887 de
564 847 609 887 iis
636 847 894 898 subiunxero‚
925 844 1065 896 quibus
1092 843 1223 885 Cicero
1249 844 1401 886 Catonis
1430 846 1583 897 culpam
1610 848 1843 898 interpositis
1879 848 1959 897 ejus
1987 847 2167 886 laudibus
2193 846 2388 896 mitigavit.

392 911 526 951 Cicero
565 920 659 949 suae
697 910 816 960 ipsius
854 908 1071 948 auctoritati
1112 907 1313 956 obfuisset,
1366 910 1460 960 quin
1503 910 1618 949 etiam
1656 910 1844 950 Murenae
1883 920 2041 949 causam
2082 910 2123 948 in
2163 909 2291 948 aleam
2334 919 2442 949 com-

208 977 392 1022 misisset,
438 973 509 1013 nisi
548 973 801 1012 acerbitatem
842 982 950 1018 eam,
999 982 1075 1021 qua
1115 983 1202 1012 usus
1241 975 1299 1012 est
1337 975 1473 1012 contra
1513 971 1716 1021 Catonem,
1762 974 1950 1024 adjunctis
1992 973 2129 1011 debitis
2177 973 2214 1011 ei
2261 972 2441 1013 laudibus

206 1039 435 1081 emolliisset.
495 1035 706 1087 infringere
746 1034 901 1075 Catonis
939 1034 1037 1074 vires
1072 1036 1212 1086 potuit,
1260 1047 1310 1075 ne
1349 1047 1418 1076 reo
1456 1039 1660 1083 nocerent,
1701 1037 1904 1087 ipsumque
1950 1036 2202 1085 castigatione
2242 1046 2315 1074 sua
2351 1047 2441 1086 per·

207 1104 411 1152 stringere,
464 1100 640 1138 occidere
685 1109 766 1137 non
813 1097 960 1144 debuit,
1012 1097 1052 1136 id
1096 1097 1199 1147 quod
1243 1096 1503 1146 Quintilianus
1553 1097 1771 1153 Ciceronis·
1793 1101 1918 1138 artem
1966 1098 2163 1138 admirans
2213 1097 2273 1138 his
2315 1099 2445 1139 verbis

207 1164 449 1218 significavit:
510 1173 659 1213 „quam
703 1161 809 1200 molli
853 1160 1011 1200 artimlo
1057 1162 1231 1201 tractavit
1276 1159 1514 1202 Catonem!“
1559 1160 1661 1215 (libr.
1703 1156 1780 1209 XI,
1819 1172 1851 1201 c.
1896 1158 1931 1201 1.
1974 1159 2008 1216 ᾖ.
2051 1157 2106 1201 68
2150 1160 2232 1215 sq.)
2306 1160 2442 1211 Quum

206 1230 322 1280 igitur
347 1228 536 1277 vituperet
563 1225 768 1271 Catonem,
804 1226 936 1263 tamen
957 1224 1072 1263 etiam
1099 1224 1247 1272 laudat,
1281 1228 1320 1265 et
1344 1238 1429 1266 rem
1456 1226 1510 1265 ita
1535 1227 1741 1275 temperat,
1775 1229 1820 1264 ut
1845 1236 1915 1275 per
1941 1226 2227 1264 accusationem
2254 1236 2443 1265 verecun-

206 1292 270 1331 dia
294 1299 486 1342 personae
518 1288 599 1338 eJus
632 1288 763 1326 habita
796 1286 990 1337 pelluceat.
1043 1286 1216 1327 Primum
1240 1288 1355 1339 igitur
1387 1288 1427 1328 id
1451 1287 1627 1328 laudibus
1653 1286 1808 1328 Catonis
1845 1287 1928 1328 dari
1954 1291 2131 1339 apparet,
2168 1288 2275 1338 quod
2302 1287 2444 1329 Cicero

206 1365 297 1394 eum
322 1354 440 1392 vitam
467 1362 577 1391 suam
604 1351 696 1399 dicit
721 1351 885 1400 dirigere
911 1349 954 1389 al
974 1350 1120 1389 certam
1146 1351 1306 1390 rationis
1333 1362 1513 1391 normam
1541 1354 1580 1390 et
1598 1350 1881 1401 diligentissime
1907 1351 2080 1389 omnium
2106 1350 2325 1390 officiorum
2354 1362 2440 1390 mo·

205 1419 336 1456 menta
360 1414 599 1466 perpendere
626 1410 674 1466 (ξ.
701 1407 775 1465 3.),
808 1411 913 1461 quod
934 1414 990 1451 est
1014 1411 1178 1451 hominis
1207 1425 1379 1454 severam
1405 1415 1447 1453 in
1472 1414 1649 1463 regendis
1675 1414 1847 1452 moribus
1875 1406 1951 1452 suis
1977 1424 2180 1452 censuram
2207 1413 2439 1457 adhibentis,

204 1480 254 1519 ab
282 1478 387 1518 omni
412 1477 563 1516 levitate
589 1475 713 1519 alieni.
766 1474 916 1515 Deinde
932 1476 1044 1515 vocat
1070 1485 1160 1515 eum
1186 1477 1453 1527 gravissimum
1487 1479 1605 1528 atque
1631 1476 1923 1527 integerrimum
1948 1477 2091 1523 virum,
2123 1477 2184 1517 cui
2211 1477 2293 1526 ipse
2318 1477 2440 1516 ratio-

202 1554 294 1581 nem
319 1542 408 1578 facti
436 1541 494 1577 sui
525 1540 770 1576 vehementer
797 1539 926 1587 cupiat
941 1539 1099 1586 probari
1134 1537 1183 1589 (ἓ.
1211 1535 1278 1590 3.).
1332 1540 1377 1577 In
1403 1541 1470 1585 iis,
1506 1549 1606 1588 quae
1634 1539 1830 1588 aliquanto
1861 1541 1950 1589 post
1976 1541 2205 1588 sequuntur,
2241 1538 2333 1577 dicit
2360 1536 2438 1578 Ca-

203 1606 336 1645 tonem
363 1612 453 1642 eum
482 1610 585 1648 esse,
621 1600 687 1651 qui
714 1610 835 1650 quum
860 1599 1009 1640 virutes
1044 1600 1126 1651 ejus
1157 1602 1196 1640 et
1222 1603 1361 1642 merita
1386 1603 1557 1643 maxima
1584 1603 1677 1648 sint,
1711 1603 1848 1651 opibus
1884 1603 1961 1641 suis
1994 1605 2109 1650 atque
2141 1603 2292 1650 ingenio
2327 1602 2437 1640 nullo

203 1668 321 1706 modo
348 1666 398 1704 ad
424 1664 634 1715 perniciem
660 1673 710 1701 ne
737 1662 880 1700 inimici
906 1662 1052 1712 widem
1078 1663 1135 1701 uti
1162 1663 1318 1712 debeat,
1351 1675 1460 1713 eum,
1491 1666 1556 1716 qui
1585 1675 1633 1704 ea
1660 1663 1876 1704 conditione
1900 1666 2013 1703 natus
2040 1664 2088 1703 sit
2114 1664 2154 1702 in
2180 1665 2330 1703 civitate
2356 1664 2437 1703 Ro—

203 1739 339 1775 mana,
378 1730 422 1766 ut
456 1727 655 1771 omnihus,
695 1725 812 1763 etiam
844 1724 1090 1772 alienissimis,
1130 1726 1321 1776 praesidio
1356 1737 1442 1767 esse
1482 1728 1623 1767 debeat
1657 1724 1693 1780 (§
1728 1723 1828 1779 56.);
1882 1726 1998 1777 paulo
2032 1728 2121 1777 post
2156 1726 2303 1776 adjicit,
2343 1737 2435 1766 eum

204 1792 493 1832 firmamentum
524 1799 572 1827 ac
597 1788 719 1827 robur
744 1788 862 1826 totius
887 1788 1134 1827 accusationis
1162 1800 1246 1828 esse
1282 1787 1330 1843 (ἓ.
1359 1787 1453 1844 58.).
1512 1791 1556 1829 In
1584 1790 1643 1829 his
1671 1790 1849 1829 omnibus
1884 1790 2002 1839 igitur
2028 1789 2200 1838 agnoscit
2226 1790 2434 1829 maximam

204 1855 286 1905 eJ'us
320 1853 590 1893 auctoritatem
626 1853 743 1900 atque
774 1851 1069 1900 magnitudinem
1095 1852 1224 1891 animi.
1277 1852 1498 1902 Ingrediens
1535 1854 1671 1892 deinde
1703 1854 1742 1891 in
1770 1853 2009 1891 acerbiorem
2037 1851 2192 1890 Catonis
2224 1854 2437 1892 accusatio·

204 1927 315 1963 nem,
341 1915 441 1954 hanc
466 1914 520 1952 ita
545 1913 709 1960 inducit,
736 1914 782 1951 ut
807 1914 1037 1964 praenittat,
1064 1924 1106 1954 se
1133 1925 1223 1955 eum
1246 1916 1463 1967 vituperare
1488 1926 1613 1967 paene
1638 1926 1718 1955 non
1743 1915 1889 1955 audere
1915 1916 2075 1967 propter
2101 1915 2292 1966 singulare
2318 1916 2434 1956 animi

204 1981 263 2020 sui
287 1979 335 2019 de
361 1978 442 2028 ejus
467 1977 607 2016 virtute
628 1976 833 2026 judicium
860 1976 974 2024 addit,
1002 1976 1199 2026 Catonem,
1223 1980 1372 2018 etiamsi
1398 1980 1439 2018 in
1464 1980 1677 2018 minoribus
1703 1980 1821 2018 rebus
1843 1979 2043 2029 paululum
2073 1978 2369 2018 conformandus
2397 1981 2437 2018 et

203 2043 335 2083 leviter
369 2039 633 2081 emendandus
666 2041 706 2079 et
739 2038 982 2080 inflectendus
1016 2041 1082 2089 sit,
1117 2043 1248 2081 tamen
1282 2041 1387 2082 nulla
1421 2042 1462 2081 in
1497 2054 1542 2081 re
1568 2042 1704 2090 majori
1737 2052 1921 2090 peccare,
1957 2042 2026 2081 sed
2059 2053 2084 2080 a
2110 2046 2250 2081 natura
2276 2043 2358 2091 ipsa
2385 2042 2435 2080 ad

205 2115 359 2144 omnem
390 2104 519 2153 potius
549 2102 809 2148 honestatem,
848 2102 1082 2152 gravitatem,
1120 2104 1435 2154 temperantiam,
1470 2103 1773 2155 magnitudinem
1806 2103 1944 2151 animi,
1974 2104 2180 2154 iustitiam,
2215 2103 2265 2144 ad
2301 2115 2435 2144 omnes

203 2169 369 2217 denique
394 2167 551 2205 virtutes
578 2167 713 2204 natum
740 2166 779 2202 et
805 2163 950 2204 factum
976 2177 1051 2205 esse
1077 2168 1146 2214 ita,
1172 2171 1217 2206 ut
1246 2178 1410 2217 magnus
1442 2170 1482 2205 et
1508 2168 1683 2205 excelsus
1712 2168 1874 2205 evaserit
1901 2165 1950 2219 (§.
1977 2164 2078 2219 60.);
2112 2168 2288 2216 agnoscit
2313 2177 2434 2216 porro

202 2230 395 2282 egregiam
430 2228 511 2278 ejus
545 2229 725 2267 naturam
760 2223 808 2279 (ᾗ.
841 2223 921 2281 64.)
955 2230 990 2268 et
1023 2229 1136 2269 animi
1169 2230 1338 2280 vigorem
1367 2226 1414 2282 (ξ.
1441 2224 1535 2282 65.).
1588 2228 1767 2278 Denique
1803 2228 1875 2267 sub
1903 2229 2022 2268 finem
2053 2231 2256 2275 orationis,
2291 2230 2358 2268 ubi
2385 2229 2434 2267 de

200 2292 432 2344 reipublicae
458 2290 636 2341 periculis
662 2291 761 2340 agit,
788 2301 910 2340 quum
936 2289 1089 2332 Catilina
1114 2293 1154 2332 in
1180 2303 1270 2332 eum
1296 2292 1484 2342 impetum
1511 2291 1645 2337 faciat,
1674 2289 1849 2329 concedit
1875 2288 2030 2337 Catoni,
2058 2302 2149 2330 eum
2176 2302 2329 2330 summo
2356 2292 2431 2331 rei-

200 2356 378 2408 publicae
405 2353 530 2392 studio
559 2355 676 2402 atque
702 2363 836 2392 amore
862 2353 903 2392 in
930 2355 1099 2395 omnibus
1126 2356 1214 2396 duci
1240 2353 1290 2410 (§.
1310 2350 1409 2408 78.)‚
1436 2357 1475 2394 et
1500 2354 1654 2394 nonnisi
1682 2353 1941 2404 imprudentia
1968 2353 2057 2401 labi,
2084 2357 2201 2404 atque
2228 2353 2431 2404 significat,

202 2431 245 2461 se
271 2420 312 2460 in
338 2415 578 2459 defendenda
603 2416 802 2467 republica
827 2417 944 2457 etiam
969 2416 1118 2459 Catonis
1145 2430 1264 2470 opera
1289 2420 1405 2469 atque
1430 2418 1570 2457 virtute
1597 2416 1795 2456 confidere
1826 2420 1866 2456 et
1891 2418 2060 2456 maxime
2086 2418 2241 2467 quidem
2254 2446 2266 2464 ,
2307 2429 2430 2468 quum

202 2485 360 2535 postero
386 2491 490 2520 anno
518 2479 695 2519 tribunus
725 2479 847 2531 plebis
873 2480 1016 2521 futurus
1042 2482 1101 2522 sit.
1154 2512 1178 2531 „
1188 2482 1263 2531 Te,
1295 2484 1335 2522 te
1361 2481 1530 2533 appello,
1576 2477 1690 2520 Cato!
1722 2480 1867 2531 inquit;
1908 2491 2039 2520 nonne
2064 2481 2251 2531 prospicis
2281 2484 2432 2533 tempe-

203 2549 343 2587 statem
374 2546 466 2584 anni
498 2541 582 2583 tui?
621 2540 670 2596 (§.
696 2539 778 2596 81.)
831 2543 916 2583 Tibi
950 2545 1058 2584 etiam
1083 2546 1144 2584 isti
1174 2546 1407 2597 reipublicae
1432 2544 1563 2583 hostes
1589 2544 1799 2594 perniciem
1824 2543 2052 2589 moliuntur:
2084 2543 2213 2583 vident
2240 2547 2431 2594 quantum

203 2611 245 2650 in
277 2612 319 2649 te
350 2608 400 2648 sit
432 2608 570 2654 animi,
606 2607 796 2656 quantum
828 2606 981 2657 ingenii,
1022 2610 1208 2658 quantum
1240 2608 1497 2654 auctoritatis,
1542 2610 1733 2657 quantum
1767 2607 2001 2657 reipublicae
2034 2607 2215 2657 praesidii
2250 2605 2299 2660 (ς.
2334 2604 2429 2660 82).

203 2674 261 2714 Te
292 2672 408 2724 igitur
440 2674 481 2711 et
506 2671 632 2721 ipsum
659 2670 876 2721 opprimere
899 2671 1137 2711 vehementer
1162 2672 1332 2722 cupiunt.
1386 2670 1463 2711 Sed
1496 2672 1607 2709 tuum
1635 2673 1709 2718 est,
1745 2669 1859 2719 Cato,
1894 2670 1959 2721 qui
1985 2680 2065 2709 non
2091 2669 2206 2718 mihi,
2237 2682 2320 2711 non
2347 2670 2431 2716 tibi,

204 2736 273 2778 sed
296 2735 444 2789 patriae
469 2737 582 2774 natus
608 2744 667 2781 οε,
693 2733 926 2784 reipublicae
951 2735 1057 2775 saluti
1083 2746 1236 2774 mecum
1260 2735 1480 2785 prospicere
1508 2732 1556 2787 (ξ.
1583 2729 1701 2785 83.).“

388 2797 447 2838 Ita
473 2795 607 2837 Cicero
634 2806 788 2836 summo
814 2796 971 2837 artificio
996 2798 1277 2839 accusationem
1304 2795 1459 2838 Catonis
1486 2807 1576 2836 cum
1603 2797 1762 2836 summis
1790 2797 1871 2847 eJus
1897 2795 2073 2835 laudibus
2100 2796 2276 2842 miscuit,
2303 2800 2432 2836 utras-

202 2875 279 2915 que
304 2865 359 2904 ita
383 2860 623 2912 temperavit,
648 2862 694 2899 ut
718 2861 914 2901 accusatio
944 2859 1076 2901 Catoni
1100 2862 1200 2901 vires
1225 2860 1389 2901 nocendi
1416 2859 1630 2907 abstulerit,
1656 2859 1825 2900 laudatio
1852 2858 2024 2899 animum
2051 2857 2134 2909 ejus
2160 2860 2433 2901 reconciliarit.

200 2926 279 2968 Sed
300 2927 382 2979 iam
406 2924 616 2965 videbimus
648 2922 697 2963 de
722 2924 879 2964 veritate
904 2925 1076 2965 omnium
1100 2935 1236 2965 earum
1262 2935 1415 2971 rerum,
1449 2924 1499 2963 de
1525 2924 1665 2973 quibus
1696 2923 1882 2962 hactenus
1909 2921 2176 2971 dissemimus,
2207 2926 2328 2975 atque
2354 2925 2433 2975 pri-

201 3000 311 3030 mum
337 2988 494 3040 quidem
519 2986 566 3027 de
591 2985 637 3026 iis
664 2987 878 3034 sententiis,
905 2997 999 3038 quas
1026 2986 1158 3028 Cicero
1185 2986 1322 3028 Stoicis
1348 2987 1561 3039 generatim
1587 2986 1723 3027 tribuit
1750 2984 1847 3039 (cap.
1873 2982 1974 3038 29.)‚
2007 2987 2166 3027 rectene
2194 2997 2238 3028 se
2262 2987 2433 3028 habeant

201 3064 251 3093 an
277 3049 415 3094 secus?
455 3050 592 3092 deinde
624 3050 673 3091 de
699 3049 846 3091 Catone
870 3051 1084 3102 singillatim
1109 3062 1280 3104 agemus.
