2634 3601
218 308 308 348 dem
334 306 426 359 tacit
452 306 652 356 comitatis,
688 306 889 357 facilitatis,
922 308 1210 358 moderationis,
1244 306 1495 347 humanitatis
1521 306 1718 357 exemplar
1743 318 1914 358 eumque
1939 309 2130 358 tanquam
2156 307 2378 360 exemplum
2404 308 2455 347 ad

218 368 447 410 imitandum
474 374 605 411 nostro
631 372 812 422 proponit
838 367 1001 414 Catoni.⁴
1037 372 1115 413 Sed
1141 373 1247 411 certe
1272 371 1404 411 omnia
1429 380 1488 417 ea,
1516 380 1618 420 quae
1642 369 1718 408 hoc
1745 370 1832 408 loco
1858 373 1977 419 atque
2000 372 2041 411 in
2065 371 2165 410 libro
2190 371 2239 411 de
2256 374 2457 412 senectute

211 429 310 471 dicit
344 430 392 471 de
427 433 606 473 comitate
636 435 755 483 atque
786 445 941 476 morum
974 436 1172 481 suavitate,
1205 443 1305 483 quae
1337 433 1453 474 fuerit
1486 433 1527 473 in
1556 430 1705 472 Catone
1729 430 1892 481 Majore,
1923 433 2015 471 fleta
2038 436 2140 473 sunt.
2192 434 2319 474 Aliam
2345 434 2456 474 illum

215 504 421 545 personam
448 496 569 547 egisse
595 498 756 544 constat,
783 498 889 546 quod
914 498 1043 537 multis
1069 497 1305 547 argumentis
1330 496 1450 535 evinci
1475 497 1613 547 potest,
1646 493 1812 545 exempli
1840 504 1958 533 causa
1984 504 2034 532 ex
2059 496 2208 535 ratione
2233 507 2300 544 ea,
2333 508 2454 547 quam

217 557 370 597 secutus
396 557 458 597 ille
484 560 543 598 est
568 558 750 599 adversus
778 561 953 599 oratores
979 562 1018 599 et
1041 558 1291 610 philosophos
1311 557 1489 606 Graecos,
1518 558 1584 608 qui
1610 559 1787 608 tempore
1812 557 1887 617 illo,
1900 556 2070 596 Romam
2096 557 2202 596 missi
2228 562 2328 604 sunt,
2353 571 2452 609 quos

216 619 314 658 urbe
339 621 582 670 expellendos
610 622 767 668 curavit,
793 622 932 661 deinde
958 632 1018 668 eo,
1044 622 1152 671 quod
1176 622 1349 660 incubuit
1374 622 1424 660 ad
1450 622 1594 661 bellum
1621 622 1757 659 contra
1783 619 2058 670 Carthaginem
2084 620 2362 666 renovandum,
2388 623 2451 661 de-

216 682 331 732 nique
358 694 407 723 ex
432 684 773 724 innumerabilibus
799 684 939 731 litibus,
967 694 1063 734 quas
1081 686 1150 723 aut
1166 683 1327 723 intendit
1343 684 1424 734 ipse
1439 683 1535 730 aliis,
1561 684 1630 722 aut
1648 693 1744 732 quas
1762 682 1826 722 alii
1844 683 1884 722 in
1903 694 1994 722 eum
2011 681 2275 722 intenderunt.
2328 682 2453 724 Multo

215 745 403 785 veriorem
428 756 510 786 esse
536 746 628 786 Livii
653 757 843 798 personae
869 746 951 797 ejus
978 745 1272 798 descriptionem
1297 749 1468 797 apparet,
1502 755 1603 797 quae
1630 747 1688 784 est
1714 745 1754 785 in
1780 745 1865 785 libr.
1892 740 1970 793 39„
2006 755 2090 797 cap.
2117 740 2197 791 40„
2235 745 2314 792 ubi,
2349 750 2454 797 post-

215 818 333 858 quam
359 820 529 848 summas
555 810 687 849 laudes
714 811 750 849 ei
775 810 978 860 impertiit,
1017 810 1072 849 ita
1098 810 1146 849 de
1173 820 1219 848 eo
1241 809 1401 859 ,indit-at:
1446 810 1683 856 „simultates
1706 810 1825 848 nimio
1851 809 1981 858 plures
2011 811 2051 848 et
2076 812 2337 848 exercuenmt
2363 820 2454 849 eum

213 872 254 910 ct
285 871 366 922 ipse
398 872 568 911 exercuit
599 882 685 919 eas;
719 883 793 911 nec
820 872 932 911 facile
957 871 1117 917 dixeriS‚
1147 873 1279 910 utrum
1304 872 1425 922 magis
1451 871 1635 922 presserit
1660 882 1751 910 eum
1776 871 1966 918 nobilitas,
1993 881 2045 910 an
2069 871 2133 910 ille
2157 871 2359 921 agitaverit
2381 884 2451 911 no-

213 933 408 975 bilitatem.
461 937 597 987 Asperi
622 937 758 987 procul
783 936 899 976 dubio
925 936 1043 975 animi
1070 937 1109 974 et
1134 935 1287 985 linguae
1312 935 1477 974 acerbae
1502 938 1542 974 et
1566 935 1770 974 immodice
1788 935 1939 985 liberae
1966 935 2048 981 fuit,
2081 934 2151 974 sed
2178 935 2307 974 invicti
2333 945 2359 974 a
2386 946 2452 975 cu·

212 997 432 1049 piditatibus
458 999 575 1039 animi
602 1002 641 1039 et
664 1000 810 1051 rigidae
835 1000 1087 1046 innocentiae,
1115 1000 1358 1048 contemptor
1383 998 1547 1048 gratiae,
1576 998 1802 1037 divitiarum.
1856 998 1901 1038 In
1926 997 2174 1049 parsimonia,
2201 998 2243 1037 in
2268 998 2454 1049 patientia

211 1061 366 1109 laboris,
391 1062 561 1114 periculi,
587 1063 702 1103 ferrei
727 1074 849 1115 prope
876 1062 1046 1113 corporis
1072 1062 1286 1111 animique;
1320 1072 1437 1111 quem
1463 1071 1515 1100 ne
1541 1063 1716 1099 senectus
1742 1060 1909 1110 quidem,
1938 1071 2038 1112 quae
2065 1060 2177 1099 solvit
2203 1062 2346 1108 omnia,
2376 1062 2453 1101 fre·

211 1125 321 1175 gerit,
361 1126 427 1174 qui
452 1129 604 1165 sextum
630 1129 669 1166 et
695 1126 972 1176 octogesimum
995 1136 1140 1164 annum
1166 1135 1285 1174 agens
1312 1133 1470 1163 causam
1496 1123 1655 1171 dixerit,
1700 1125 1781 1173 ipse
1803 1135 1875 1175 pro
1902 1136 1944 1164 se
1972 1125 2139 1163 oraverit
2165 1125 2453 1175 scripseritque,

211 1188 459 1239 nonagesimo
487 1199 590 1228 anno
618 1188 722 1228 Serv.
749 1186 913 1228 Galbam
939 1188 990 1227 ad
1015 1187 1147 1239 populi
1173 1186 1376 1226 adduxerit
1397 1186 1586 1236 judicium
1613 1184 1676 1238 (cf.
1702 1183 1781 1234 49.,
1806 1183 1871 1226 56.
1895 1183 2013 1240 57..“)

396 1250 574 1300 Denique
611 1251 801 1290 admoneo
836 1251 917 1301 ejus
944 1250 1182 1296 acerbitatis,
1216 1259 1295 1299 qua
1320 1248 1540 1300 Scipionem
1564 1248 1790 1288 Africanum
1815 1249 2007 1290 Minorem
2033 1250 2242 1328 insectatus
2268 1254 2328 1290 est
2355 1250 2449 1304 (Liv.

209 1307 288 1362 38„
313 1309 391 1363 54.,
416 1310 494 1362 49.,
519 1310 584 1354 55.
611 1312 923 1365 PlutCatMaj.
952 1324 985 1354 c.
1011 1309 1078 1366 3..)

398 1377 475 1416 Sed
501 1378 726 1416 Ciceronem
752 1379 972 1426 saepissime
998 1388 1023 1415 a
1051 1377 1211 1414 veritate
1237 1378 1278 1414 et
1297 1376 1468 1424 justitiae
1495 1376 1630 1424 regula
1661 1376 1701 1413 in
1728 1375 1965 1413 orationibus
1991 1376 2069 1414 suis
2095 1377 2299 1415 recessisse
2325 1378 2449 1416 multa

211 1438 286 1479 alia
311 1439 487 1490 exempla
513 1439 663 1479 docent.
715 1439 759 1479 In
786 1439 961 1480 oratione
982 1448 1055 1489 pro
1082 1437 1167 1488 lege
1188 1436 1348 1478 Manilia
1372 1436 1505 1478 habita
1530 1439 1703 1489 apparet,
1730 1448 1821 1476 eum
1843 1437 2003 1476 nimium
2024 1437 2065 1476 in
2085 1438 2245 1478 modum
2267 1439 2450 1480 virtutem

212 1503 252 1540 et
276 1502 414 1541 merita
440 1501 614 1551 Pompeji
640 1511 903 1551 exaggerasse.
958 1501 1090 1540 Tantis
1125 1500 1268 1549 ingenii
1299 1500 1443 1539 viribus
1470 1499 1676 1550 PompeJus
1703 1511 1783 1539 non
1811 1501 1896 1538 erat
1920 1510 2047 1548 neque
2070 1502 2201 1539 tantae
2228 1502 2310 1551 eJ'us
2338 1506 2451 1542 erant

211 1574 274 1604 τω
300 1567 441 1616 gestae,
469 1567 634 1615 quantas
662 1573 727 1603 eas
746 1562 881 1602 Cicero
908 1562 1009 1602 facit.
1062 1562 1113 1601 Et
1138 1563 1273 1602 nocuit
1292 1573 1384 1602 sane
1402 1562 1536 1602 Cicero
1566 1566 1702 1602 contra
1727 1562 1926 1601 meliorem
1946 1561 2069 1601 Catuli
2096 1563 2339 1614 aliorumque
2361 1576 2449 1605 sen-

210 1628 371 1666 tentiam
397 1628 632 1677 reipublicae
658 1637 718 1672 ec,
745 1626 851 1675 quod
871 1626 1101 1676 Pompejum
1127 1627 1305 1664 omnibus
1331 1626 1456 1664 modis
1483 1627 1618 1664 extulit
1642 1626 1818 1664 laudibus
1845 1626 1935 1671 suiS,
1960 1629 2005 1663 ut
2031 1637 2081 1664 ex
2106 1627 2163 1672 iis,
2190 1639 2290 1676 quae
2317 1633 2450 1669 secuta

211 1691 312 1735 sunt,
338 1691 509 1739 apparet.
562 1688 692 1727 Etiam
709 1688 803 1728 Luc.
829 1689 1010 1728 Flaccum
1039 1688 1207 1728 defendit
1226 1687 1372 1736 Cicero,
1397 1689 1702 1739 repetundarum
1720 1687 1976 1727 manifestum.
2029 1688 2152 1728 Porro
2179 1690 2219 1729 in
2237 1702 2354 1731 causa
2374 1692 2449 1732 Mi-

209 1751 319 1799 lonis,
360 1762 482 1802 quum
509 1751 590 1801 eJus
618 1750 879 1792 defensionem
905 1752 1127 1803 susciperet,
1168 1762 1193 1792 a
1219 1762 1352 1792 severa
1376 1752 1545 1792 veritatis
1571 1751 1655 1803 lege
1681 1752 1883 1799 aberravit,
1926 1754 1966 1792 et
1988 1752 2029 1792 in
2055 1752 2158 1793 edita
2186 1755 2371 1802 oratione,
2416 1757 2449 1796 si

208 1815 425 1854 accuratius
446 1824 532 1851 rem
551 1814 740 1864 inspicias,
766 1815 945 1861 invenias,
974 1813 1200 1853 Ciceronem
1224 1816 1265 1852 in
1287 1815 1534 1853 enarratione
1560 1814 1650 1853 facti
1682 1815 1839 1853 consilio
1865 1825 1996 1853 veram
2021 1815 2135 1865 hujus
2160 1818 2350 1855 rationem
2376 1819 2449 1857 im·

208 1880 388 1917 mutasse.
441 1876 542 1915 Nam
566 1876 702 1926 procul
728 1876 846 1915 dubio
872 1876 966 1916 Milo
992 1880 1147 1926 praeter
1173 1877 1441 1917 necessitatem
1468 1880 1643 1917 extremo
1671 1878 1752 1917 ictu
1778 1877 2061 1917 conficiendum
2088 1877 2264 1919 Clodium
2292 1882 2448 1920 curavit.

209 1939 384 1990 Denique
410 1939 582 1989 ingentes
609 1939 690 1978 illas
717 1938 861 1986 laudes,
888 1939 1027 1988 quibus
1050 1938 1255 1979 Caesarem
1282 1939 1464 1987 cumulat,
1490 1950 1569 1979 non
1596 1940 1683 1979 dico
1710 1940 1750 1978 in
1777 1940 1953 1980 oratione
1967 1940 2229 1989 Mmcelliana,
2256 1952 2357 1992 quae
2379 1942 2450 1983 du·

209 2003 273 2043 bia
298 2005 356 2042 est
382 2001 627 2042 Ciceronisne
652 2012 704 2040 an
730 2001 826 2040 alius
853 2001 921 2048 sit,
962 2000 1030 2039 sed
1055 2001 1095 2039 in
1122 2002 1361 2040 orationibus
1387 2013 1460 2052 pro
1485 2002 1672 2052 Dejotaro
1700 2004 1817 2052 atque
1843 2001 2017 2052 Ligario,
2056 2006 2164 2054 patet
2191 2005 2387 2044 simulatas
2412 2009 2450 2045 et

209 2066 320 2105 fictas
346 2076 441 2104 esse.
495 2065 629 2114 Longe
654 2064 729 2102 alia
755 2066 838 2102 erat
863 2073 955 2102 vera
980 2062 1175 2102 Ciceronis
1199 2064 1317 2102 animi
1341 2065 1547 2109 sententia,
1586 2064 1692 2113 quod
1720 2074 1769 2102 ex
1796 2064 1866 2102 illis
1894 2064 2005 2103 facile
2030 2067 2270 2115 perspicitur,
2310 2069 2449 2117 quibus

209 2130 250 2169 in
277 2128 442 2179 epistolis
469 2128 559 2173 suis,
585 2127 626 2166 in
651 2125 876 2166 Tusculanis
905 2124 1070 2174 denique
1095 2126 1135 2165 in
1160 2125 1266 2166 libris
1291 2126 1339 2165 de
1365 2125 1499 2165 officiis
1525 2127 1566 2166 in
1594 2125 1800 2166 Caesarem
1826 2129 2027 2166 mortuum
2053 2127 2255 2168 invehitur.
2310 2129 2387 2170 Sed
2407 2131 2447 2170 in

210 2191 390 2231 omnibus
415 2189 486 2237 his,
526 2199 626 2240 quae
652 2187 874 2234 memoravi,
914 2185 1048 2227 Cicero
1073 2188 1312 2239 temporibus
1337 2188 1516 2227 inserviit.
1568 2188 1798 2240 Pompejum
1824 2188 1959 2227 extulit
1984 2188 2180 2237 laudibus,
2223 2192 2316 2241 quia
2342 2192 2449 2232 hunc

209 2255 280 2293 sibi
307 2254 475 2293 amicum
500 2263 584 2290 esse
610 2252 729 2302 ipsius
755 2250 999 2290 vehementer
1025 2251 1226 2297 intererat;
1257 2261 1348 2290 nam
1374 2250 1457 2299 ejus
1484 2252 1627 2290 auxilio
1654 2253 1808 2302 adJutus
1835 2251 1948 2290 altius
1974 2253 2064 2290 eniti
2091 2254 2228 2298 voluit;
2263 2254 2448 2295 Flaccum

208 2320 249 2358 et
268 2317 452 2358 Milonem
479 2315 658 2362 defendit,
685 2315 776 2364 quia
803 2313 843 2353 hi
869 2325 941 2364 pro
967 2316 1103 2354 senatu
1129 2315 1283 2354 stabant
1309 2315 1443 2353 contra
1467 2312 1673 2354 Caesarem
1696 2317 1813 2365 atque
1838 2314 2078 2366 Pompeium,
2105 2315 2209 2356 fatali
2235 2317 2300 2356 illa
2326 2320 2449 2359 socie-

208 2383 288 2420 tate
309 2380 390 2431 jam
415 2380 515 2419 inter
541 2389 582 2418 se
604 2378 770 2429 junctos.
823 2376 1000 2427 Denique
1027 2376 1181 2417 Caesari
1207 2377 1396 2417 blanditus
1423 2378 1499 2424 est,
1530 2379 1575 2415 ut
1600 2378 1734 2417 victori
1756 2378 1839 2428 Jam
1866 2389 1908 2417 se
1934 2378 2159 2418 submittere
2184 2380 2381 2421 videretur
2409 2386 2450 2422 et

209 2445 308 2495 ipse,
342 2443 374 2483 si
407 2442 492 2483 fieri
521 2443 669 2493 posset,
702 2439 866 2492 posthac
897 2441 1002 2480 tutus
1029 2442 1195 2480 aetatem
1222 2440 1388 2492 degeret.
1441 2439 1584 2480 Postea
1609 2451 1634 2480 a
1662 2440 1827 2481 Caesare
1853 2439 2064 2482 Octaviano
2091 2442 2214 2494 decipi
2243 2454 2285 2483 se
2309 2456 2448 2495 passus

209 2508 268 2548 est
292 2507 332 2546 et
357 2505 580 2557 dignitatem
606 2504 687 2554 eJ'us
714 2503 952 2543 orationibus
977 2503 1017 2542 in
1043 2505 1180 2543 senatu
1204 2503 1343 2544 habitis
1372 2503 1555 2550 firmavit;
1584 2504 1750 2554 denique
1773 2515 1869 2544 sane
1896 2507 2029 2544 contra
2053 2507 2269 2546 Antonium
2297 2517 2339 2547 se
2366 2508 2446 2549 for-

208 2574 288 2610 tem
312 2570 502 2621 praebuit,
529 2567 597 2606 sed
622 2578 721 2605 sero.
773 2566 862 2605 Jam
889 2567 1075 2605 sustinere
1100 2577 1180 2605 non
1204 2568 1331 2617 potnit
1354 2566 1549 2605 labantem
1569 2568 1770 2616 pristinam
1792 2568 2026 2618 reipublicae
2043 2568 2222 2608 formam.
2274 2570 2451 2611 Maxima

210 2635 293 2674 oeat
318 2630 536 2682 eloquentia
554 2628 761 2677 Ciceronis,
786 2628 854 2668 sed
879 2628 946 2668 fati
973 2629 1140 2678 quadam
1166 2628 1392 2669 necessitate
1418 2639 1571 2669 summa
1597 2631 1772 2670 omnium
1799 2642 1936 2670 eorum
1963 2631 2221 2678 consiliorum,
2249 2643 2352 2683 quae
2373 2634 2449 2675 hn-

208 2697 272 2747 J‘us
298 2692 539 2746 eloquentiae
563 2692 707 2731 viribus
732 2692 920 2742 perficere
944 2691 1072 2739 voluit,
1099 2692 1205 2731 irrita
1232 2691 1386 2738 cecidit;
1420 2691 1519 2731 baec
1541 2692 1760 2742 eloquentia
1787 2703 1901 2744 saepe
1926 2694 2060 2733 victrix
2086 2705 2166 2733 non
2190 2695 2338 2736 viribus
2365 2699 2452 2748 qui-

213 2759 302 2800 dem
327 2756 464 2799 defecit
490 2755 558 2794 sed
584 2755 723 2806 maiori
748 2756 784 2794 vi
812 2757 948 2795 contra
971 2754 1151 2795 tendente
1177 2754 1317 2795 effectu
1343 2754 1524 2794 destituta
1550 2757 1619 2794 est.

396 2818 661 2869 Discrcpantia
687 2827 745 2865 ea,
772 2828 851 2868 qua
870 2816 1004 2858 Cicero
1030 2817 1070 2857 in
1093 2816 1385 2870 philosophandi
1410 2818 1563 2857 ratione
1589 2828 1722 2858 secum
1748 2819 1828 2870 ipse
1848 2820 2005 2869 pugnat,
2032 2819 2204 2859 maxime
2229 2822 2270 2861 in
2297 2823 2342 2863 iis
2369 2835 2453 2865 eer-

200 2884 328 2931 -m‘tnr,
349 2894 455 2934 cquae
480 2882 591 2922 variis
616 2882 716 2922 vitae
743 2892 837 2922 suae
862 2881 1100 2932 temporibus
1124 2882 1314 2932 variisque
1340 2882 1379 2920 in
1403 2882 1509 2922 libris
1536 2882 1584 2922 de
1602 2883 1719 2922 animi
1738 2883 1905 2922 motibus
1931 2884 2050 2932 atque
2076 2882 2126 2923 de
2152 2884 2267 2925 bonis
2285 2890 2453 2928 externis

211 2945 457 2987 aestimandis
483 2945 625 2986 statuit.
678 2943 772 2985 Aliis
796 2945 911 2996 igitur
935 2944 1035 2984 vitae
1060 2954 1155 2985 suae
1178 2944 1417 2996 temporibus
1444 2945 1538 2985 alias
1564 2945 1605 2985 in
1630 2944 1872 2997 philosophia
1898 2943 2035 2985 Cicero
2062 2949 2222 2988 soumis
2248 2953 2308 2989 est
2333 2951 2450 2990 ratio-
