2634 3601
212 293 317 332 nanti
353 293 546 339 doctrina,
579 303 714 332 omnes
748 293 924 332 homines
957 293 1008 333 ad
1043 295 1207 336 similem
1232 306 1324 347 erga
1355 295 1504 343 Deum,
1536 305 1628 346 erga
1655 305 1697 335 se
1721 296 1846 345 ipsos,
1879 296 1997 344 atque
2026 304 2119 346 erga
2154 294 2249 335 alios
2275 290 2449 333 amorem

212 355 377 399 vocanti,
406 356 668 401 contineatur,
702 355 741 394 id
764 356 935 406 primum
964 356 1138 398 Stoicum
1167 359 1379 408 sapientem
1415 370 1504 398 cum
1533 357 1749 397 Christiano
1785 354 2022 395 conferentes
2056 357 2333 404 concedemus,
2363 356 2449 396 uni-

209 427 340 455 versae
376 418 594 467 antiquitati
647 418 742 458 illud
774 431 970 459 summum
1003 421 1051 458 ad
1085 421 1214 459 omnia
1241 423 1349 458 recta
1376 420 1501 458 studia
1528 418 1693 457 defuisse
1719 418 2031 465 incitamentum,
2064 420 2171 468 quod
2191 421 2365 470 rpositum
2390 422 2449 459 est

209 480 248 518 in
275 481 412 519 intimo
441 491 535 530 erga
562 479 692 520 Deum
720 493 864 520 amore.
918 483 1032 520 Hunc
1059 481 1231 520 Christus
1261 482 1409 530 primus
1436 492 1501 526 ea,
1537 490 1639 529 quae
1666 480 1702 519 ei
1730 478 1910 527 debetur,
1942 480 2031 519 luce
2057 481 2267 521 illustravit.
2322 481 2449 530 Quem

209 553 332 592 quum
363 544 675 593 unumquodque
710 544 791 593 ejus
824 543 985 582 verbum
1020 543 1159 593 spiret,
1194 553 1396 593 quumque
1429 543 1554 583 omnis
1587 543 1670 593 ejus
1697 542 1873 583 doctrina
1900 542 2027 583 Deum
2061 544 2251 593 tanquam
2281 556 2453 587 amorem

210 607 357 655 ipsum,
388 617 458 656 per
485 616 639 643 omnem
666 616 798 643 rerum
824 605 1111 644 universitatem
1138 608 1381 655 regnantem,
1414 605 1657 653 testificetur,
1691 606 1852 645 accessit
1876 606 2040 656 posteris
2065 606 2307 657 temporibus
2336 609 2451 648 etiam

210 669 378 707 adducta
411 668 461 707 ad
495 668 679 717 majorem
707 669 971 707 maturitatem
1003 670 1252 708 externarum
1279 680 1413 708 rerum
1437 665 1627 719 cognitio,
1662 679 1763 718 quae
1797 672 1837 707 et
1863 669 1947 719 ipsa
1973 668 2266 715 demonstravit,
2303 671 2343 708 in
2369 672 2454 710 uni-

211 741 320 770 versa
347 741 478 771 rerum
506 730 809 771 conformatione
836 732 967 771 omnia
992 731 1042 770 ad
1068 731 1107 770 id
1133 742 1255 771 unum
1282 732 1679 772 accommodatissime
1705 731 1918 783 composita
1945 740 2047 779 esse,
2072 733 2119 771 ut
2144 730 2217 771 Dei
2245 732 2369 772 amori
2395 742 2456 773 sa·

213 796 383 839 tisfieret,
412 795 539 832 omnia
567 805 719 831 summo
740 793 812 831 Dei
841 795 997 831 consilio
1026 795 1080 832 ita
1106 795 1279 832 instituta
1307 805 1402 841 esse,
1430 799 1474 833 ut
1500 804 1618 843 quam
1643 794 1810 844 plurima
1836 795 1939 833 salus
1965 795 2224 833 animantibus
2254 805 2368 833 sensu
2396 797 2454 834 sui

212 858 392 908 praeditis
416 869 463 896 ex
491 858 572 907 ipsa
598 867 730 895 rerum
758 858 898 895 natura
925 860 1169 903 nasceretur;
1204 857 1370 907 denique
1397 858 1558 897 accessit
1583 857 1709 908 maior
1737 857 1855 908 ipsius
1887 858 1968 908 ejus
1997 858 2174 905 rationis,
2209 869 2309 908 quae
2335 860 2454 898 menti

214 921 404 959 humanae
440 921 662 969 ingenerata
698 922 774 965 est,
809 919 1005 969 perfectio.
1061 918 1202 959 Omnia
1235 920 1332 959 haec
1359 921 1615 970 cognoscendi
1641 920 1863 970 adjumenta
1890 921 2133 960 consentiunt
2167 923 2206 960 et
2234 920 2456 971 conspirant

213 985 250 1022 in
266 994 325 1029 eo,
340 985 383 1021 ut
398 982 673 1028 demonstrent,
691 992 780 1021 cum
795 992 948 1020 summo
967 983 1136 1029 consilio,
1158 993 1245 1021 cum
1265 992 1417 1022 summa
1430 983 1603 1034 potentia
1621 992 1816 1022 summum
1836 983 1953 1023 etiam
1970 992 2145 1023 amorem
2160 983 2200 1023 in
2212 981 2285 1023 Dei
2297 982 2455 1023 numine

215 1047 459 1096 conjunctum
480 1056 574 1084 esse.
624 1045 700 1084 Sed
715 1056 793 1096 quo
809 1046 931 1096 magis
947 1047 1057 1084 nobis
1072 1047 1210 1085 summi
1224 1047 1366 1084 amoris
1380 1046 1447 1084 lux
1468 1046 1507 1084 in
1524 1046 1702 1084 omnibus
1717 1047 1832 1086 rebus
1850 1046 2078 1094 offunditur,
2100 1056 2147 1086 eo
2164 1046 2285 1097 magis
2301 1054 2372 1084 nos
2383 1045 2453 1096 ipsi

211 1110 335 1153 divina
359 1113 472 1160 hujus
500 1112 643 1148 amoris
667 1111 702 1147 vi
731 1110 770 1146 in
796 1109 945 1157 agendo
973 1109 1212 1146 movebimur
1239 1111 1355 1156 atque
1382 1108 1652 1156 intelligemus,
1680 1118 1815 1146 omnes
1842 1110 2016 1148 omnium
2042 1110 2228 1148 virtutum
2255 1107 2366 1157 quasi
2391 1117 2454 1146 ra·

209 1180 289 1217 dios
333 1178 372 1215 in
404 1177 479 1214 hoc
511 1188 591 1213 uno
627 1174 715 1212 foco
750 1172 893 1220 colligi,
937 1174 1053 1220 atque
1087 1171 1174 1210 inde
1208 1172 1426 1210 beneficum
1461 1171 1630 1209 calorem
1666 1183 1779 1210 suum
1818 1185 1889 1221 per
1923 1176 2083 1222 pectora
2118 1172 2326 1211 effundere.
2390 1169 2454 1209 Sic

208 1251 317 1280 amor
345 1240 383 1279 in
406 1237 516 1278 nobis
545 1246 702 1276 movens
729 1235 784 1275 vis
812 1235 884 1275 erit
911 1235 1028 1283 atque
1056 1243 1172 1284 agens
1198 1233 1237 1273 in
1256 1233 1433 1274 omnibus
1451 1233 1585 1280 rebus;
1618 1232 1668 1273 ad
1693 1233 1946 1275 tenerrimum
1972 1233 2114 1275 amoris
2142 1244 2298 1274 sensum
2324 1232 2455 1273 omnia

209 1304 437 1352 dirigemus,
466 1301 596 1339 omnia
623 1311 672 1338 ex
700 1310 747 1337 eo
776 1299 991 1336 metiemur.

395 1399 439 1436 In
474 1398 549 1436 hac
584 1397 699 1446 igitur
724 1398 835 1446 parte
868 1394 1038 1432 maxime
1065 1391 1336 1442 discrepabunt
1363 1391 1513 1430 Stoicus
1548 1394 1666 1440 atque
1693 1390 1930 1431 Christianus
1956 1393 2119 1444 sapiens.
2171 1393 2240 1431 Ille
2266 1404 2346 1431 non
2369 1393 2450 1431 vult

211 1463 426 1502 misericors
454 1472 556 1506 esse,
589 1471 670 1498 non
698 1459 830 1504 irasci,
866 1457 1010 1496 scilieet
1042 1467 1091 1495 ne
1119 1455 1265 1501 doleat;
1301 1452 1537 1493 Christianus
1564 1454 1714 1504 sapiens
1746 1454 1848 1493 hanc
1874 1466 1994 1495 unam
2027 1456 2078 1495 ob
2107 1466 2264 1495 causam
2298 1455 2356 1494 vel
2386 1455 2454 1494 do·

211 1529 287 1567 lere
314 1526 411 1572 vult,
448 1526 540 1575 quia
574 1523 655 1563 vult
682 1521 900 1561 misericors
929 1530 1029 1565 esse;
1065 1518 1167 1558 hanc
1196 1529 1317 1558 unam
1351 1517 1400 1556 ob
1430 1528 1588 1557 causam
1619 1517 1735 1556 etiam
1760 1518 1841 1557 vult
1866 1519 1999 1566 irasci,
2032 1530 2113 1558 non
2139 1518 2346 1558 ulciscendi
2374 1519 2454 1558 stu·

210 1592 293 1636 dio,
328 1590 396 1629 sed
428 1591 472 1628 ut
504 1588 670 1626 aliorum
703 1586 813 1625 malis
847 1584 1066 1628 medeatur,
1102 1584 1313 1621 succurrat.
1367 1580 1428 1619 Ad
1454 1580 1558 1619 hunc
1589 1591 1713 1619 unum
1737 1581 1855 1620 finem
1891 1582 1961 1620 sibi
1988 1581 2147 1631 aliisque
2174 1582 2337 1621 salutem
2362 1592 2453 1632 pro-

208 1652 387 1703 sperandi
422 1652 553 1690 omnia
587 1650 669 1699 eJus
705 1649 850 1687 directa
885 1648 975 1684 sunt
1009 1645 1185 1690 consilia;
1221 1645 1261 1682 in
1296 1643 1371 1682 hoc
1405 1643 1522 1693 ipsius
1548 1642 1620 1681 Dei
1655 1643 1735 1681 vult
1767 1653 1850 1682 esse
1884 1643 2025 1684 similis.
2079 1644 2152 1683 Hic
2178 1645 2334 1684 intimus
2362 1653 2454 1694 erga

208 1717 302 1756 alios
331 1725 444 1755 amor
470 1713 530 1752 vel
558 1712 708 1762 majora
734 1721 825 1750 eum
859 1710 1000 1748 sentire
1023 1707 1172 1758 ,iubebit
1203 1717 1320 1757 quam
1355 1717 1427 1757 pro
1461 1704 1620 1755 frigidae
1652 1705 1951 1745 ratiocinationis
1984 1708 2142 1754 natura,
2174 1716 2342 1757 eumque
2371 1715 2453 1745 ma·

211 1781 316 1817 xima
342 1779 378 1816 vi
405 1777 455 1815 ad
483 1777 582 1814 bene
610 1775 691 1812 aliis
720 1773 936 1812 faciendum
964 1770 1151 1810 incendet.

402 1873 478 1910 Sed
513 1875 557 1909 ut
590 1872 628 1908 in
657 1870 835 1907 omnibus
863 1868 995 1911 rebus,
1028 1866 1081 1902 sic
1110 1865 1224 1902 etiam
1258 1863 1308 1901 ad
1335 1864 1477 1901 amoris
1505 1875 1660 1902 sensum
1686 1864 1895 1913 sapientiae
1920 1866 2270 1912 temperamentum
2297 1865 2456 1903 accedat

212 1948 369 1978 necesse
405 1938 472 1975 est.
528 1932 659 1982 Quum
693 1941 844 1971 summa
876 1928 1048 1969 omnium
1085 1926 1352 1972 consiliorum,
1386 1937 1488 1975 quae
1521 1936 1632 1966 amor
1664 1926 1841 1978 inspirat,
1877 1937 1949 1966 nos
1976 1925 2167 1978 impellat,
2201 1929 2245 1966 ut
2273 1925 2456 1977 prodesse

213 2002 294 2040 aliis
324 2008 646 2046 communemque
673 1995 835 2034 salutem
863 1994 1115 2036 confirmare,
1141 2000 1285 2039 augere
1312 1989 1490 2036 velimus,
1518 1991 1670 2041 sapiens
1698 2001 1778 2029 non
1808 1991 1862 2029 ita
1889 1990 2054 2036 amabit,
2080 1991 2126 2028 ut
2152 1993 2312 2036 noceat;
2346 2000 2457 2030 amor

211 2066 246 2102 in
276 2074 323 2102 eo
361 2073 440 2101 non
467 2062 540 2100 erit
567 2058 803 2098 imbecillitas
831 2057 964 2101 animi;
1000 2057 1106 2094 recta
1132 2054 1231 2093 ratio
1264 2053 1380 2091 etiam
1408 2056 1604 2092 amantem
1631 2063 1913 2103 nonnunquam
1941 2053 2071 2100 irasci,
2106 2054 2311 2104 castigare,
2346 2054 2454 2092 coer-

209 2138 314 2172 cere,
342 2126 478 2177 punire
501 2123 668 2173 jubebit,
695 2123 738 2160 ut
763 2120 883 2166 mala,
912 2129 1011 2169 quae
1038 2129 1086 2157 ex
1113 2117 1203 2168 ipsis
1229 2115 1431 2155 hominum
1458 2117 1630 2156 moribus
1658 2118 1886 2163 nascuntur,
1914 2117 2111 2163 coErceat,
2139 2116 2307 2176 minuat,
2334 2116 2452 2156 tollat.

210 2190 372 2234 Deinde,
404 2188 442 2226 id
469 2186 574 2237 quod
601 2185 814 2223 maximum
841 2185 919 2228 est,
947 2181 1213 2220 ardentissimo
1243 2179 1368 2218 studio
1396 2180 1548 2230 sapiens
1574 2180 1675 2218 viam
1702 2182 1819 2229 atque
1845 2179 2037 2217 rationem
2064 2181 2228 2228 expetet,
2255 2178 2451 2228 quomodo

206 2263 321 2303 quam
354 2251 563 2302 plurimum
588 2247 774 2299 prodesse
807 2254 1129 2293 communemque
1156 2242 1318 2282 salutem
1345 2252 1489 2293 augere
1514 2242 1647 2293 possit.
1700 2240 1790 2280 Non
1823 2241 1939 2292 igitur
1972 2241 2012 2279 in
2040 2241 2120 2280 otio
2151 2241 2269 2287 vivet,
2300 2240 2369 2281 sed
2404 2241 2453 2281 ad

204 2316 396 2365 agendum
423 2325 514 2352 eum
541 2312 665 2360 rapiet
692 2311 846 2348 intimus
874 2309 991 2347 animi
1018 2318 1171 2350 sensus;
1199 2306 1328 2343 locum
1354 2306 1393 2343 in
1420 2305 1537 2343 rebus
1564 2304 1724 2354 publicis
1750 2304 1906 2353 agendis
1933 2306 2111 2352 quaeret,
2144 2303 2261 2351 idque
2289 2306 2357 2342 aut
2382 2315 2452 2354 pu-

207 2379 302 2417 blice
334 2376 530 2421 docendo,
575 2383 677 2423 quae
711 2372 810 2412 actio
847 2373 906 2410 est
938 2370 996 2409 vel
1028 2369 1196 2409 maxime
1232 2367 1409 2407 salutaris
1444 2368 1562 2417 atque
1593 2366 1847 2406 contentionis
1883 2365 1999 2405 animi
2031 2365 2271 2416 plenissima,
2306 2367 2372 2406 aut
2407 2377 2453 2406 ea

205 2440 367 2491 agendo,
394 2449 494 2488 quae
513 2437 671 2488 proprie
698 2438 738 2474 et
754 2434 965 2483 angustiori
986 2444 1102 2472 sensu
1129 2432 1178 2470 ad
1196 2430 1391 2481 publicam
1417 2430 1534 2469 witam
1559 2430 1753 2479 pertinere
1776 2429 1966 2468 dicuntur.
2011 2427 2112 2468 Nam
2134 2427 2244 2467 facile
2269 2428 2453 2479 intelligit,

206 2506 243 2544 in
272 2502 447 2544 docendo
475 2503 543 2541 aut
569 2499 726 2551 publica
753 2497 906 2547 negotia
932 2496 1030 2535 bene
1058 2494 1259 2534 tractando
1286 2493 1415 2533 locum
1443 2493 1612 2533 maxime
1631 2495 1894 2544 opportunum
1913 2501 1997 2531 esse
2022 2490 2081 2530 sui
2109 2500 2201 2541 erga
2226 2490 2321 2531 alios
2346 2502 2453 2532 amo-

205 2569 256 2606 ris
283 2565 523 2605 testificandi.
580 2561 790 2610 Quomodo
818 2560 934 2609 igitur
966 2560 1005 2596 in
1032 2558 1211 2596 omnibus
1238 2558 1355 2595 rebus
1384 2557 1537 2595 differet
1562 2556 1713 2606 sapiens
1741 2554 1979 2594 Christianus
2007 2563 2032 2592 a
2058 2550 2218 2592 Stoico?
2254 2554 2343 2592 Non
2370 2555 2455 2600 erit,

207 2633 249 2670 ut
284 2629 363 2676 hic,
409 2629 548 2674 durus,
585 2624 772 2670 acerbus,
809 2624 1038 2669 contumax,
1073 2630 1270 2667 morosuS,
1312 2619 1475 2660 aliorum
1507 2619 1742 2665 contemtor,
1776 2618 1835 2658 sui
1869 2616 2102 2662 admiratum
2141 2615 2454 2664 misericordiam,

207 2694 317 2739 iram,
344 2693 519 2732 dolorem
546 2692 672 2741 ipsum
698 2699 779 2727 non
806 2687 939 2738 procul
970 2697 994 2725 a
1022 2696 1063 2724 se
1090 2684 1269 2730 habebit;
1303 2684 1376 2723 erit
1402 2684 1518 2730 lenis,
1553 2683 1675 2729 mitis,
1711 2681 1851 2727 facilis3
1892 2680 2038 2720 aditum
2066 2678 2243 2717 omnibus
2270 2679 2321 2718 ad
2345 2679 2452 2719 beni-

207 2757 405 2795 volentiam
433 2766 544 2794 suam
570 2751 791 2804 praebebit;
818 2761 933 2788 suum
961 2750 1099 2797 cuique
1125 2759 1197 2798 pro
1226 2748 1418 2797 dignitatis
1445 2747 1568 2797 gradu
1592 2746 1755 2790 tribuet;
1789 2744 1839 2783 ad
1866 2744 2040 2783 omnium
2067 2753 2237 2788 sensum,
2264 2745 2455 2792 quatenus

208 2818 245 2858 id
272 2831 358 2859 cum
383 2822 489 2859 recta
516 2818 668 2858 ratione
696 2813 914 2859 conveniet,
942 2823 983 2852 se
1010 2810 1336 2858 accommodabit;
1370 2811 1453 2851 aliis
1477 2811 1616 2851 eodem
1644 2819 1798 2856 amore,
1825 2819 1903 2860 quo
1932 2806 2023 2854 sibi,
2049 2804 2245 2850 inserviet;
2273 2805 2453 2848 omnibus

207 2893 278 2932 pro
313 2882 445 2919 virium
472 2882 588 2920 modo
615 2877 917 2930 gratificabitur;
954 2876 1182 2914 infirmitatis
1208 2875 1356 2914 alienae
1382 2875 1532 2925 patiens
1553 2873 1718 2924 Juvabit,
1752 2872 1925 2918 docebit,
1953 2869 2128 2910 dolorem
2155 2868 2288 2914 etiam,
2320 2871 2451 2919 atque,

207 2945 272 2984 uhi
301 2955 453 2983 necesse
481 2944 570 2988 erit,
599 2947 765 2982 mortem
794 2940 891 2980 adeo
919 2951 990 2990 pro
1019 2939 1214 2978 communi
1242 2937 1364 2977 salute
1392 2938 1586 2988 suscipiet,
1615 2936 1823 2984 omniaque
1848 2934 1946 2975 haec
1981 2944 2031 2974 ex
2058 2930 2196 2973 Christi
2223 2931 2449 2972 imitatione.
