2634 3601
1144 131 1527 181 —4—

398 257 490 307 Quo
516 261 757 311 gravioribus
787 261 912 299 verbis
939 259 1075 300 Cicero
1102 260 1281 299 omnibus
1316 259 1375 298 his
1401 259 1493 299 locis
1520 254 1767 297 humanitatis
1800 254 1972 295 officium
1997 258 2130 307 urget,
2169 267 2217 297 eo
2243 258 2364 311 magis
2390 258 2451 299 in·

214 322 399 363 vidiosam
439 321 533 363 facit
570 322 878 364 malevolentiam
913 325 1201 368 accusatorum,
1244 321 1414 361 maxime
1448 320 1615 362 Catonis.
1681 317 1760 359 Sed
1790 320 1907 369 auget
1939 318 2054 368 hujus
2087 319 2287 368 invidiam,
2330 332 2450 372 quum

213 396 305 425 eum
328 387 506 432 accuset,
540 386 647 437 quod
672 386 769 426 falso
805 385 1081 424 odiosissimum
1113 383 1307 422 maculam
1339 383 1466 424 famae
1493 383 1680 423 Murenae
1706 381 1936 431 adspergere
1960 380 2141 426 voluerit,
2173 384 2292 431 atque
2317 394 2365 422 eo
2391 384 2450 422 in·

208 447 381 495 justitiae
416 450 536 498 atque
570 449 757 487 mendacii
790 446 1040 495 processerit,
1075 447 1119 483 ut
1146 446 1282 485 contra
1308 446 1508 487 veritatem
1542 446 1660 495 atque
1690 444 1807 484 etiam
1834 444 1970 484 contra
1996 453 2152 483 omnem
2175 444 2255 485 veri
2278 446 2445 497 speciem
2503 434 2512 443 ²

212 508 440 550 saltatorem
470 522 562 550 eum
594 510 801 561 appellarit.
856 507 942 546 Hoc
973 508 1162 557 probrum
1194 511 1332 549 contra
1363 510 1628 555 innocentem,
1661 508 1712 547 ab
1746 508 1851 547 omni
1876 507 2031 547 luxuria
2061 506 2229 547 alienum
2253 506 2452 550 hominem

216 573 436 625 conjectum
463 572 555 613 dicit
580 584 663 613 esse
687 569 861 610 maledici
881 571 1166 617 conviciatoris:
1192 572 1269 611 tale
1295 573 1544 612 maledictum
1571 584 1621 611 ex
1646 572 1757 610 trivio
1783 574 1852 610 aut
1877 582 1927 609 ex
1954 581 2176 609 scurrarum
2203 571 2331 621 aliquo
2357 581 2451 612 con-

216 638 314 675 vicio
347 638 544 686 arreptum
574 644 712 684 parum
744 634 881 673 decere
908 632 1065 674 Catonis
1097 634 1335 685 gravitatem.
1388 634 1592 683 Videmus,
1627 633 1855 675 Ciceronem
1881 633 2017 674 Catoni
2051 644 2145 673 sane
2177 644 2255 673 non
2278 644 2451 685 parcere,

217 700 285 739 sed
310 699 538 750 gravissimis
564 697 687 736 verbis
714 697 990 748 malignitatem
1018 697 1053 736 ei
1080 698 1327 748 exprobrare.
1368 697 1445 737 Sed
1471 700 1588 738 etiam
1614 698 1717 738 aliud
1743 697 1856 738 affert
1881 696 2110 737 malevolum
2127 695 2283 737 Catonis
2306 696 2451 738 dictum

218 772 376 813 prorsus
410 773 432 800 a
463 770 553 799 vero
580 759 760 799 alienum.
814 758 949 807 Quum
975 759 1142 800 Murena
1169 762 1209 800 in
1235 760 1335 800 bello
1361 760 1622 800 Mithridatico
1650 762 1795 813 optime
1828 761 1877 800 de
1902 760 2101 811 republica
2126 761 2348 806 meruisset,
2381 759 2453 800 Ca-

220 828 351 864 tonem
386 823 475 862 dicit
509 832 665 860 omnem
700 823 781 873 eJus
813 823 970 862 laudem
1001 823 1051 862 ad
1084 823 1246 863 nihilum
1278 823 1455 873 redigere
1486 824 1670 871 voluisse,
1703 824 1831 863 dicere
1857 833 2014 870 ausum,
2046 822 2190 862 bellum
2222 822 2315 863 illud
2342 834 2459 863 omne

219 898 308 926 cum
336 884 565 924 mulierculis
591 887 743 935 gestum
771 896 865 926 esse.
920 885 1007 925 Hoc
1033 886 1116 936 eJ‘us
1143 887 1286 926 dictum
1313 884 1449 925 Cicero
1475 886 1614 926 refellit
1636 888 1711 934 ita,
1737 889 1782 926 ut
1807 887 1927 934 dicat,
1955 886 2098 925 bellum
2123 886 2217 924 illud
2242 887 2456 926 maximum

219 951 344 994 fuisse,
372 951 410 987 et
426 947 469 985 L.
487 947 714 994 Murenam,
740 949 910 998 legatum
927 949 1089 994 Luculli,
1116 949 1156 986 in
1173 959 1220 986 eo
1249 949 1444 997 cognitum
1471 959 1556 987 esse
1581 949 1777 988 fortissimi
1793 949 1921 996 animi,
1949 948 2089 988 summi
2117 947 2273 995 consilii,
2301 948 2457 989 maximi

218 1010 376 1057 laboris,
404 1010 443 1048 et
468 1008 570 1049 hanc
596 1009 679 1060 eJus
709 1021 869 1060 operam
896 1011 1066 1050 maxime
1092 1011 1127 1050 ei
1154 1012 1241 1050 usui
1267 1011 1382 1050 fuisse
1407 1012 1458 1050 ad
1482 1012 1728 1051 consulatum
1755 1012 2052 1061 adipiscendam.
2093 1009 2164 1064 (§§.
2192 1005 2398 1063 31-34.)

403 1071 480 1111 Sed
507 1082 660 1110 summa
688 1073 945 1112 accusationis
973 1075 1075 1121 erat,
1111 1073 1216 1124 quod
1241 1073 1406 1114 Murena
1432 1073 1697 1124 largitionibus
1730 1074 1873 1113 multos
1900 1075 2000 1113 cives
2027 1073 2280 1123 corrupisset,
2314 1075 2361 1112 ut
2386 1073 2457 1112 sibi

217 1138 258 1175 in
286 1136 448 1175 comitiis
476 1135 745 1174 consularibus
771 1135 1098 1184 suffragarentur,
1126 1138 1165 1175 et
1191 1148 1310 1185 quum
1337 1135 1452 1182 Cato,
1488 1137 1662 1175 omnium
1689 1137 1871 1187 opinione
1896 1137 1953 1175 vir
1978 1135 2248 1186 integerrimus
2273 1134 2365 1174 huic
2390 1144 2455 1175 ac-

218 1198 404 1238 cusationi
439 1197 745 1247 subscripsisset,
784 1197 1065 1246 praejudicium
1107 1198 1195 1237 inde
1236 1200 1325 1237 oriri
1368 1199 1494 1249 potuit
1522 1199 1729 1237 Murenam
1764 1199 1854 1249 J’ure
1888 1198 2055 1237 ambitus
2096 1198 2322 1236 accusatum
2361 1206 2457 1237 esse.

217 1260 302 1299 Hoc
353 1259 633 1311 praejudicium
686 1261 731 1299 ut
782 1258 944 1307 refutet,
1010 1260 1146 1301 Cicero
1196 1262 1363 1312 primum
1416 1263 1687 1302 auctoritatem
1741 1259 1896 1300 Catonis
1947 1261 2140 1311 prioribus
2193 1259 2460 1310 reprehensio·

216 1325 330 1363 nibus
369 1324 452 1372 jam
498 1324 701 1361 subrutam
748 1333 908 1373 prorsus
953 1326 1125 1363 evertere
1172 1324 1316 1368 studet:
1370 1324 1431 1362 cui
1476 1325 1660 1364 orationis
1706 1334 1800 1362 suae
1839 1324 1939 1374 parti
1988 1324 2044 1362 ita
2085 1322 2304 1373 praefatur:
2359 1332 2459 1362 sem·-

216 1398 287 1437 per
316 1387 357 1426 in
390 1385 541 1436 iudiciis
575 1385 680 1436 apud
705 1384 903 1425 Romanos
939 1398 1030 1426 eum
1064 1387 1274 1426 obtinuisse
1304 1398 1473 1433 morem,
1507 1390 1552 1426 ut
1579 1387 1727 1437 judices
1762 1389 1801 1425 et
1826 1386 1993 1437 populus
2018 1386 2099 1436 ipse
2125 1384 2373 1436 impedirent,
2408 1396 2459 1424 ne

218 1450 337 1489 nimia
362 1449 598 1488 accusatoris
624 1448 682 1487 vel
708 1450 892 1498 potentia,
917 1450 976 1488 vel
1004 1449 1180 1499 dignitas,
1207 1450 1265 1487 vel
1293 1451 1502 1488 auctoritas
1528 1461 1597 1488 reo
1625 1450 1797 1495 obesset3
1833 1448 1872 1487 id
1898 1457 2086 1499 apparere
2110 1447 2238 1487 multis
2256 1446 2461 1499 exemplis:

219 1512 273 1552 sic
298 1511 342 1552 L.
370 1510 545 1559 Cottam,
580 1522 702 1561 quum
728 1510 771 1550 P.
800 1510 927 1561 Scipio
954 1512 1158 1551 Africanus
1184 1512 1312 1560 Major
1338 1524 1429 1551 eum
1456 1514 1689 1557 accusasset,
1723 1512 1892 1549 maxime
1920 1521 2008 1548 eam
2044 1511 2094 1548 ob
2123 1520 2279 1548 causam
2305 1510 2460 1548 ahsolu-

219 1578 304 1613 tum
329 1585 433 1620 esse,
466 1584 517 1612 ne
544 1574 670 1612 nimiis
697 1574 933 1614 accusatoris
962 1574 1105 1614 viribus
1130 1574 1305 1625 proditus
1340 1578 1380 1616 et
1405 1575 1575 1625 abjectus
1600 1573 1813 1619 videretur;
1849 1574 1904 1611 sic
1930 1572 2033 1612 Serv.
2063 1571 2226 1611 Galbam
2253 1575 2460 1611 accusante

222 1640 304 1687 ipso
331 1637 447 1685 huJus
476 1637 632 1675 Catonis
660 1646 824 1684 proavo,
859 1637 994 1674 Marco
1023 1636 1191 1684 Catone,
1228 1638 1289 1676 cui
1315 1638 1473 1690 MaJ‘oris
1496 1636 1555 1677 vel
1584 1636 1773 1689 Sapientis
1801 1646 2016 1687 cognomen
2043 1634 2205 1675 inditum
2232 1635 2307 1681 est,
2339 1644 2363 1673 a
2389 1645 2459 1685 po-

137 1733 140 1736 ,
220 1699 315 1751 pulo
341 1699 520 1739 Romano
546 1699 719 1748 periculo
747 1702 923 1748 ereptum
950 1711 1045 1744 esse,
1072 1709 1192 1748 quum
1219 1702 1383 1750 populus
1409 1701 1607 1738 Romanus
1634 1700 1762 1746 nollet,
1789 1699 1948 1737 nimiam
1973 1697 2207 1737 accusatoris
2232 1697 2458 1749 potentiam,

224 1761 515 1809 auctoritatem,
540 1760 636 1808 vim,
670 1761 834 1812 gratiam
862 1760 911 1801 ad
937 1762 1146 1813 perniciem
1172 1764 1341 1803 accusati
1369 1764 1578 1814 quidquam
1604 1764 1742 1802 valere.
1800 1762 1861 1800 De
1885 1765 2053 1810 utroque
2079 1761 2155 1799 hoc
2177 1761 2322 1809 judicio
2349 1761 2462 1799 Vale-

225 1828 306 1863 rius
331 1826 526 1863 Maximus
554 1825 637 1862 libr.
665 1822 708 1870 8,
738 1835 819 1873 cap.
850 1821 889 1870 l,
914 1821 958 1870 2,
989 1821 1049 1863 ll.
1084 1834 1131 1863 ea
1158 1825 1289 1872 affert,
1323 1836 1424 1877 quae
1450 1825 1662 1874 affirmant,
1695 1835 1788 1866 vera
1810 1835 1913 1871 esse,
1950 1834 2051 1875 quae
2079 1822 2214 1864 Cicero
2253 1822 2302 1863 de
2327 1823 2461 1863 iisdem

222 1888 373 1937 judiciis
399 1887 464 1926 hic
489 1887 610 1926 affert.
665 1887 859 1933 „Valeant
884 1889 1031 1936 potius,
1060 1887 1195 1926 Cicero
1223 1889 1365 1938 inquit,
1397 1889 1471 1928 hae
1500 1900 1583 1936 res,
1609 1888 1799 1940 potentia,
1834 1888 2060 1936 auctoritas,
2087 1887 2228 1937 gratia,
2255 1886 2295 1925 in
2319 1886 2461 1926 bonam

224 1954 396 2002 partem,
431 1949 480 1988 ad
507 1949 670 1989 salutem
696 1950 973 1996 innocentium,
1007 1949 1057 1989 ad
1083 1950 1267 1990 auxilium
1296 1951 1644 1991 calamitosorum.“
1697 1951 1761 1991 Sic
1786 1962 1913 2000 neque
1939 1961 2121 2001 magnam
2147 1949 2302 1988 Catonis
2327 1952 2461 1988 aucto-

225 2016 378 2052 ritatem
405 2013 483 2051 vult
518 2013 660 2051 damno
688 2024 770 2051 esse
796 2011 1002 2057 Murenae;
1036 2013 1207 2062 alioquin
1231 2014 1509 2063 iniquissimam
1535 2014 1707 2053 suturam
1734 2024 1818 2053 6556
1846 2013 2104 2053 conditionem
2131 2023 2309 2059 reorum,
2343 2012 2375 2051 si
2397 2012 2459 2062 ju-

224 2077 364 2116 dicium
399 2075 650 2126 praevalentis
684 2075 843 2125 alicujus
878 2077 1112 2115 accusatoris
1149 2087 1173 2115 a
1202 2077 1393 2126 judicibus
1429 2090 1502 2127 pro
1537 2087 1675 2116 norma
1703 2077 1899 2126 judicandi
1931 2077 2130 2115 habeatur.
2186 2075 2286 2114 Tum
2314 2073 2461 2118 Cicero,

223 2142 426 2190 postquam
455 2138 638 2189 exemplis
671 2149 693 2177 e
718 2138 912 2189 prioribus
934 2137 1086 2188 judiciis
1112 2139 1239 2190 petitis
1267 2139 1560 2185 demonstravit,
1593 2150 1744 2178 morem
1771 2138 1990 2179 Romanum
2015 2139 2236 2190 potentibus
2263 2140 2461 2177 accusato-

155 2251 162 2255 *
221 2203 327 2242 ribus
363 2203 559 2241 inimicum
598 2212 698 2247 esse,
729 2202 811 2251 jam
844 2202 1106 2240 vehementius
1134 2202 1321 2241 Catonem
1359 2203 1603 2252 adgreditur,
1638 2203 1786 2249 dicens,
1823 2213 1944 2252 quum
1976 2202 2131 2253 plurimi
2165 2195 2320 2252 quidem
2347 2199 2461 2240 faciat

222 2266 392 2316 egregias
433 2265 514 2316 ejus
546 2265 726 2311 virtutes,
758 2266 889 2303 tamen
923 2275 1007 2304 esse
1040 2265 1080 2303 in
1113 2276 1160 2304 eo
1195 2266 1387 2315 quaedam
1423 2265 1498 2304 leni
1535 2265 1797 2304 admonitione
1831 2265 2061 2315 indigenum
2104 2264 2290 2303 Catonem
2322 2267 2461 2303 natura

222 2329 376 2377 quidem
411 2328 461 2366 ad
487 2328 634 2378 optima
661 2337 838 2376 quaeque
865 2330 1001 2366 natum
1026 2329 1065 2366 et
1091 2327 1236 2367 factum
1264 2338 1367 2374 esse,
1401 2327 1468 2367 sed
1494 2329 1625 2367 tamen
1662 2328 1702 2366 in
1729 2327 1921 2367 nonnullis
1954 2327 2086 2367 leviter
2111 2325 2395 2366 emendandum
2422 2329 2461 2366 et

224 2391 506 2439 quodammodo
539 2390 814 2430 inflectendum
847 2390 985 2436 videri,
1017 2391 1187 2430 maxime
1222 2401 1307 2431 earn
1340 2391 1390 2431 ob
1424 2401 1603 2439 causam,
1638 2391 1729 2442 quia
1763 2391 1814 2431 ad
1846 2391 1951 2431 illam
1982 2392 2169 2442 optimam
2204 2390 2370 2430 indolem
2397 2401 2461 2429 ac-

228 2456 396 2495 cessisset
441 2455 559 2505 paulo
602 2454 778 2504 asperior
824 2455 862 2491 et
901 2453 1053 2499 durior,
1106 2464 1130 2492 a
1169 2455 1327 2492 veritate
1371 2456 1409 2492 et
1445 2457 1585 2493 natura
1636 2456 1676 2493 et
1720 2464 1815 2493 sana
1855 2454 2006 2493 ratione
2052 2453 2235 2493 recedens
2275 2452 2461 2495 doctrina,

226 2515 394 2556 doctrina
412 2517 560 2561 Stoica:
589 2516 638 2555 de
664 2527 742 2564 qua
768 2515 886 2565 paulo
913 2516 1104 2565 copiosius
1132 2527 1215 2554 esse
1242 2515 1517 2555 disserendum.
1570 2515 1683 2555 Nunc
1708 2515 1821 2554 affert
1839 2514 1973 2555 Cicero
1999 2515 2121 2554 multa
2146 2514 2294 2565 singula
2321 2524 2343 2552 e
2360 2511 2461 2552 Stoi-

228 2587 361 2616 corum
393 2578 588 2628 disciplina
620 2579 741 2629 petita
767 2580 974 2628 praecepta
1007 2580 1123 2627 atque
1151 2578 1348 2628 opiniones
1373 2579 1578 2628 eJusmodi‚
1615 2588 1716 2628 quae
1750 2588 1844 2617 sane
1878 2578 1983 2618 omni
2010 2588 2127 2618 sanae
2152 2576 2291 2618 rationi
2317 2574 2460 2615 bellum

230 2637 395 2677 indicere
419 2641 635 2689 videantur,
670 2644 710 2681 et
737 2652 859 2691 quum
887 2639 1075 2680 Catonem
1102 2641 1204 2680 dicat
1235 2642 1325 2680 talia
1357 2644 1564 2691 praecepta
1590 2644 1673 2680 toto
1700 2641 1831 2679 animo
1857 2642 2068 2687 imbibisse,
2104 2641 2210 2679 omni
2236 2639 2460 2678 facetiarum
2520 2655 2523 2658 -

230 2700 310 2738 sale
337 2710 425 2737 eum
450 2704 626 2749 perfricat
656 2707 695 2743 et
725 2703 964 2743 irridendum
984 2703 1176 2754 Judicibus
1212 2706 1250 2743 et
1277 2714 1445 2744 coronae
1470 2703 1598 2743 tradit.
1659 2701 1711 2743 Ut
1737 2702 1853 2742 etiam
1880 2707 2017 2743 auctor
2047 2702 2160 2754 hujus
2188 2701 2382 2742 doctrinae
2408 2702 2460 2741 ri-

232 2761 389 2807 deatur,
423 2762 549 2813 incipit
574 2766 707 2807 Cicero
734 2769 816 2819 eJ'us
843 2768 1080 2807 mentionem
1106 2767 1407 2818 ingeniosissime
1438 2778 1485 2807 eo
1513 2766 1651 2813 mode,
1687 2777 1765 2817 quo
1793 2766 2155 2807 obscurissimorum
2188 2767 2227 2805 et
2253 2764 2460 2805 levissimo-

230 2835 322 2865 rum
347 2823 546 2866 hominum
572 2832 712 2870 mentio
739 2832 870 2872 inferri
898 2831 1008 2879 solet,
1039 2842 1063 2871 a
1085 2831 1230 2872 verbis:
1258 2830 1329 2872 fuit
1355 2831 1512 2883 quidam
1538 2830 1612 2878 vir,
1646 2832 1684 2870 et
1709 2841 1734 2870 a
1759 2831 1885 2882 figura
1911 2830 2096 2881 inopinati
2123 2832 2162 2869 et
2188 2830 2461 2880 repugnantiae

232 2889 527 2930 contrariorum.
578 2891 677 2930 Nam
708 2896 825 2934 verba
858 2895 976 2934 haec:
1021 2895 1093 2934 suit
1125 2896 1181 2934 vir
1213 2895 1369 2944 quidam
1401 2905 1554 2933 summo
1586 2894 1761 2944 ingenio,
1795 2893 1904 2943 quus
1937 2892 2146 2934 sententiae
2182 2894 2222 2932 et
2254 2894 2460 2945 praecepta
