2634 3601
173 317 280 353 sum,
307 305 434 344 solum
460 304 646 349 liberum,
673 303 800 340 solum
827 302 967 345 civem;
1000 303 1137 342 stultos
1165 304 1295 343 omnia
1321 303 1533 348 contraria3
1567 310 1664 351 quos
1690 300 1807 339 etiam
1831 300 1987 340 insanos
2011 302 2165 342 vultis.“
2218 299 2278 340 De
2302 297 2406 339 finib.

172 365 222 416 4,
249 365 309 409 19.
343 378 367 407 e
392 366 612 407 Stoicorum
647 363 841 404 sententia
875 373 1012 405 omnes
1046 367 1238 416 sapientes
1274 377 1425 405 summe
1459 364 1559 405 beati
1594 363 1785 402 dicuntur.
1838 362 1884 401 In
1914 363 2070 412 prior-ih.
2097 363 2217 404 Acad.
2253 362 2302 416 (c.
2329 359 2410 414 47.)

172 430 269 471 haec
292 429 494 481 leguntur:
535 436 799 480 „expromam
824 425 994 477 primum
1020 427 1085 469 illa
1110 426 1328 476 invidiosa,⁴
1349 427 1453 479 quod
1479 436 1545 468 eos
1572 434 1725 473 omnes,
1751 424 1817 476 qui
1843 424 1884 466 in
1910 424 2098 466 concione
2123 427 2291 474 stabunt,
2317 437 2410 467 exu-

171 494 245 538 loe,
271 503 423 540 servos,
451 493 611 532 insanos
640 501 725 531 esse
752 490 911 528 dicitis.“
2011 482 2014 485 ’

360 554 496 603 Quum
532 555 623 593 talia
649 552 866 591 Stoicorum
898 549 998 587 dicta
1026 548 1161 588 Cicero
1193 550 1234 588 in
1268 552 1553 600 quaestionibus
1585 550 1814 590 academicis
1845 552 1963 599 atque
1995 550 2037 589 in
2061 550 2168 590 libris
2194 550 2243 589 de
2268 552 2409 590 finibus

171 620 344 666 irrideat,
377 618 478 657 serio
505 618 621 666 atque
648 612 737 652 satis
765 610 920 661 copiose
947 609 1083 650 eadem
1109 612 1251 651 tractat
1277 613 1317 652 in
1344 614 1567 665 paradoxis,
1603 624 1770 665 quorum
1797 614 1925 665 capita
1949 613 2041 660 tria,
2070 615 2274 663 quartum,
2299 615 2411 664 quin·

175 687 262 723 tum
290 684 329 722 et
354 683 508 720 sextum
533 679 587 717 ita
604 675 815 725 inscripsit:
848 684 1037 720 „omnem
1063 674 1222 714 stultum
1249 675 1454 724 insanire,“
1481 676 1637 724 „solum
1663 676 1873 727 sapientem
1899 687 1983 716 esse
2008 676 2173 716 liberum
2200 677 2240 715 et
2256 686 2413 716 omnem

175 747 336 787 stultum
362 745 552 788 servum“,
578 739 728 786 „solum
755 738 967 787 sapientem
994 748 1078 777 esse
1105 737 1300 784 divitem“;
1337 750 1477 789 nempe
1503 740 1544 778 in
1569 739 1775 789 paradoxis
1801 739 1952 778 disserit
1976 749 2000 778 e
2026 741 2157 778 mente
2183 737 2411 777 Stoicorum.

177 809 228 849 Et
264 806 344 847 veri
384 801 526 854 aliquid
567 799 626 840 his
666 800 825 840 subesse
865 799 998 849 negari
1032 800 1184 850 nequit,
1226 802 1271 840 ut
1299 799 1488 841 Catonem
1522 799 1585 854 (de
1617 802 1682 841 fin.
1715 796 1760 848 3,
1797 797 1879 854 22)
1917 801 1972 841 ita
2005 800 2267 852 disputantem
2301 800 2412 840 facit:

176 870 352 920 „rectius
384 867 534 917 sapiens
567 863 822 914 appellabitur
854 872 942 908 rex,
977 872 1096 911 quam
1130 863 1380 912 Tarquinius,
1415 864 1482 913 qui
1519 874 1594 903 nec
1623 875 1666 904 se
1697 875 1771 904 nec
1803 875 1895 904 suos
1928 875 2064 915 regere
2088 863 2234 916 potuit;
2271 864 2414 904 rectius

177 935 360 985 magister
384 929 534 982 populi,
560 936 681 976 quam
708 925 833 971 Sulla,
860 925 1002 963 rectius
1030 925 1152 973 dives,
1180 936 1295 976 quam
1323 925 1502 973 Crassus,
1535 927 1601 976 qui
1626 928 1700 967 nisi
1727 928 1915 978 eguisset,
1930 969 1936 984 ,
1950 938 2152 977 nunquam
2176 927 2416 978 Euphratem

177 998 283 1038 nulla
316 994 403 1034 belli
438 1000 555 1030 causa
588 988 755 1027 transire
788 987 988 1034 voluisset,
1023 991 1131 1028 recte
1163 989 1277 1027 etiam
1308 988 1490 1038 pulcher,
1522 990 1627 1028 recte
1658 990 1762 1029 solus
1788 991 1903 1037 liber,
1938 990 2043 1030 solus
2069 991 2266 1029 invictus.“
2319 988 2417 1036 Quis

176 1061 313 1111 neget,
350 1067 455 1103 eum,
489 1052 556 1105 qui
587 1050 709 1093 animi
735 1049 1090 1102 perturbationibus
1119 1051 1306 1092 obnoxius
1336 1053 1411 1099 est,
1447 1050 1691 1092 durissimam
1716 1054 1939 1094 servitutem
1965 1054 2126 1101 servire,
2164 1057 2318 1099 contra,
2352 1054 2417 1103 qui

178 1133 313 1164 earum
340 1118 522 1160 immunis
549 1119 625 1163 est,
653 1126 745 1154 eum
770 1125 863 1154 vere
888 1114 1071 1161 liberum,
1097 1125 1185 1154 vere
1211 1115 1365 1155 divitem
1392 1125 1494 1162 esse3
1529 1115 1598 1155 sed
1623 1116 1834 1168 sapientem
1860 1127 1942 1157 non
1967 1116 2096 1164 decet,
2123 1116 2236 1157 nimis
2261 1116 2417 1168 gloriari

180 1197 251 1225 sua
274 1184 435 1228 virtute,
471 1182 599 1231 ipsum
625 1191 668 1217 se
695 1179 835 1217 efferre
868 1181 908 1216 et
930 1178 1099 1227 jactare,
1131 1179 1224 1216 alios
1250 1180 1357 1228 parvi
1383 1178 1539 1217 habere.
1592 1179 1693 1217 Hinc
1724 1181 1765 1218 in
1791 1181 1924 1219 odium
1951 1183 2070 1228 atque
2094 1180 2217 1218 risum
2243 1181 2416 1218 incurre-

177 1248 272 1289 bant
298 1243 435 1292 Stoici,
461 1243 502 1284 in
528 1252 627 1293 quos
650 1240 733 1292 jam
759 1241 868 1280 vetus
895 1240 1104 1280 satirarum
1130 1242 1261 1291 poeta,
1293 1239 1477 1288 Lucilius,
1513 1238 1655 1294 (Schol.
1679 1241 1731 1282 ad
1754 1241 1889 1283 Horat.
1917 1242 2026 1294 epist.
2055 1238 2100 1290 1,
2128 1237 2173 1290 Γ,
2203 1236 2294 1294 106)
2321 1240 2416 1281 haec

172 1310 362 1361 jaculatus
390 1309 467 1345 est:

936 1370 1056 1412 „haec
1078 1371 1198 1406 omnia
1223 1371 1386 1415 habebit;

641 1424 859 1464 Formosus,
881 1422 1000 1467 dives,
1023 1422 1133 1463 liber,
1156 1431 1218 1458 rex
1239 1424 1330 1459 solu·
1354 1426 1532 1461 vocetur.“

361 1492 476 1534 Ridet
503 1501 571 1531 eos
597 1499 709 1528 more
741 1499 811 1527 suo
839 1487 1023 1527 Horatius
1051 1487 1138 1527 loco
1164 1488 1281 1528 modo
1308 1489 1446 1535 allato,
1481 1490 1555 1528 ita:

805 1568 882 1611 „Ad
904 1576 1085 1603 summam
1107 1567 1252 1611 sapiens
1276 1577 1350 1603 uno
1373 1569 1491 1604 minor
1513 1573 1567 1604 ωε
1586 1569 1695 1611 Jove,
1724 1569 1837 1611 dives,

582 1622 708 1661 Liber,
738 1621 959 1662 honoratus,
988 1620 1160 1662 pulcher,
1189 1629 1252 1654 rex
1272 1620 1431 1664 denique
1453 1630 1592 1668 regum,

585 1674 783 1719 Praecipue
802 1682 933 1715 sanus,
965 1672 1034 1708 nisi
1055 1682 1170 1716 quum
1191 1672 1316 1717 pituita
1339 1674 1491 1710 molesta
1516 1677 1616 1711 est.“

364 1743 474 1783 Loco
502 1741 585 1786 illo,
619 1750 738 1790 quem
772 1748 891 1789 supra
924 1737 1142 1785 attulimus,
1177 1748 1255 1787 quo
1282 1738 1465 1778 Horatius
1492 1737 1628 1778 Stoicis
1662 1739 1752 1778 vitio
1778 1739 1906 1786 vertit,
1943 1738 2047 1789 quod
2081 1739 2213 1778 omnia
2239 1738 2327 1778 vitia
2353 1747 2420 1788 pa·

180 1811 239 1850 ria
265 1807 506 1851 existiment,
542 1803 628 1855 (sat.
658 1799 679 1842 1
693 1830 704 1848 ‚
737 1797 783 1847 3,
818 1798 883 1840 96.
912 1799 983 1852 sq.)
1018 1801 1134 1839 etiam
1168 1800 1269 1839 hanc
1300 1801 1345 1839 iis
1379 1802 1513 1840 tribuit
1544 1801 1792 1847 sententiam,
1826 1802 1930 1851 ipsos
1956 1813 1998 1840 se
2032 1800 2082 1839 ad
2108 1801 2239 1840 omnia
2265 1801 2420 1850 negotia

180 1871 398 1923 aptissimos
422 1867 635 1919 iudicasse;
667 1875 710 1904 se
739 1864 869 1903 omnia
896 1863 1040 1913 optime
1066 1857 1193 1901 facere
1218 1873 1351 1913 posse;
1386 1864 1437 1903 ibi
1463 1864 1517 1903 ita
1542 1874 1610 1903 eos
1636 1864 1833 1903 cavillatur
1858 1862 1907 1916 (v.
1937 1859 2202 1915 124—136.):

838 1933 899 1975 „Si
921 1933 1041 1973 dives,
1072 1932 1136 1975 qui
1156 1933 1302 1976 sapiens
1324 1937 1390 1975 est,

556 1989 599 2024 Et
619 1990 722 2023 sutor
743 1986 862 2021 bonus
884 1989 919 2020 et
941 1986 1043 2020 solus
1066 1985 1250 2019 formosus
1276 1989 1311 2019 et
1332 1989 1387 2020 est
1407 1995 1492 2029 τοις

556 2041 627 2075 Cur
649 2043 773 2082 optas,
801 2038 901 2081 quod
924 2038 1088 2072 habes‘?
1111 2042 1165 2077 (ut
1187 2047 1339 2083 regnum
1356 2038 1427 2072 sibi
1449 2039 1657 2082 permittant
1677 2039 1861 2078 hominae)

1118 2087 1221 2134 „Non
1246 2089 1358 2132 nosti,
1383 2090 1470 2135 quid
1493 2095 1610 2136 pater.
1637 2091 1766 2136 inquit,

551 2145 797 2188 Chrysippus,
819 2143 931 2185 dicat;
966 2143 1113 2186 sapiens
1136 2142 1300 2185 crepidas
1322 2142 1393 2177 sibi
1416 2152 1601 2186 nunquam

551 2197 626 2234 Nec
645 2197 766 2233 soleas
791 2195 893 2239 fecit,
923 2199 1026 2231 sutor
1047 2198 1168 2232 tamen
1191 2198 1246 2231 est
1268 2195 1445 2242 sapiens.“
1494 2196 1699 2240 „Quor-‘⁸

551 2252 641 2293 „Ut‚
674 2250 842 2293 quamvis
866 2254 960 2282 tacet
981 2250 1246 2296 Hermogenes,
1269 2253 1396 2283 cautor
1419 2253 1541 2283 tamen
1566 2253 1674 2293 atque

554 2303 722 2347 Optimus
743 2306 799 2337 est
819 2301 1044 2343 modulator-3
1076 2305 1115 2335 ut
1138 2301 1284 2336 Alfenus
1306 2301 1427 2343 vafer,
1456 2301 1557 2335 omni

551 2355 700 2400 abiecto
721 2355 960 2390 instrumento
982 2354 1089 2397 artis,
1119 2354 1316 2397 clausaque
1337 2353 1498 2394 taberna,

551 2408 660 2443 Sutor
690 2411 785 2449 erat3
813 2406 961 2450 sapiens
982 2405 1104 2449 operis
1126 2405 1181 2439 sic
1203 2405 1361 2449 optimus
1384 2406 1505 2442 omnis

554 2459 618 2495 Est
639 2458 764 2504 opifex
785 2459 903 2502 solus3
934 2457 989 2493 sic
1011 2460 1111 2492 rex.·‘
1153 2457 1293 2494 vellunt
1313 2458 1378 2493 tibi
1404 2457 1556 2495 barbam

552 2513 693 2548 Lascivi
716 2512 841 2555 pueri3
873 2519 969 2553 quos
991 2515 1028 2544 tu
1051 2511 1120 2545 nisi
1142 2512 1236 2546 ruste
1261 2514 1422 2554 coerces,

549 2565 722 2614 Urgueris
743 2563 850 2599 turba
871 2563 1007 2599 circum
1029 2567 1065 2598 te
1085 2567 1219 2607 stante,
1248 2564 1430 2609 miserque

551 2619 747 2664 Rumperis
768 2622 803 2652 et
827 2618 955 2655 latras,
977 2626 1194 2663 magnorum
1217 2618 1374 2652 maxime
1395 2620 1555 2665 regum-⁸

359 2685 536 2727 Eandem
570 2684 803 2725 sententiam
829 2682 966 2721 Stoicis
1000 2682 1117 2721 etiam
1142 2680 1252 2732 Diog.
1279 2681 1406 2722 Laert.
1444 2678 1503 2735 (7,
1540 2679 1632 2736 122)
1665 2681 1783 2733 atque
1807 2682 2028 2724 Athenaeus
2063 2680 2121 2737 (4,
2160 2680 2248 2725 158.
2284 2694 2319 2721 a.
2356 2682 2407 2733 b.)

178 2751 370 2796 tribuunt,
395 2759 437 2788 se
464 2747 515 2787 ad
541 2748 673 2788 omnia
695 2746 854 2797 negotia
878 2745 1095 2795 aptissimos
1123 2755 1215 2784 esse.

362 2811 449 2863 Ipse
475 2810 625 2851 Seneca
650 2819 767 2861 saepe
793 2808 935 2859 magiS,
966 2817 1084 2858 quam
1111 2806 1240 2855 decet,
1273 2807 1314 2847 in
1340 2808 1527 2861 sapientia
1552 2817 1624 2849 sua
1657 2809 1697 2848 et
1722 2807 1839 2849 animi
1864 2808 2148 2860 magnitudine,
2183 2818 2262 2859 qua
2288 2807 2411 2859 philo·

181 2875 317 2927 sophia
343 2874 553 2923 sapientem
579 2875 760 2920 exornet,
787 2871 965 2911 laudibus
993 2870 1185 2910 efferenda
1209 2871 1415 2921 gloriatur,
1440 2873 1494 2911 ita
1519 2874 1565 2911 ut
1589 2871 1801 2921 sapientem
1827 2881 1945 2922 supra
1969 2882 2105 2912 omnes
2131 2873 2281 2911 ceteros
2308 2883 2412 2912 mor-

179 2938 276 2979 tales
309 2935 495 2977 extollens
526 2936 675 2986 majora
712 2946 831 2986 quam
857 2945 930 2985 pro
954 2932 1112 2973 homine
1146 2933 1193 2974 de
1219 2934 1390 2985 sapiente
1415 2934 1546 2975 Stoico
1573 2937 1743 2976 statuere
1768 2934 1909 2974 audeat
1940 2937 1980 2975 et
2010 2936 2051 2975 in
2078 2944 2217 2974 vanam
2243 2938 2411 2976 ostenta-
