<?xml version="1.0" encoding="UTF-8"?>
<!DOCTYPE html PUBLIC "-//W3C//DTD XHTML 1.0 Transitional//EN"
    "http://www.w3.org/TR/xhtml1/DTD/xhtml1-transitional.dtd">
<html xmlns="http://www.w3.org/1999/xhtml" xml:lang="en" lang="en">
 <head>
  <title>
</title>
<meta http-equiv="Content-Type" content="text/html;charset=utf-8" />
  <meta name='ocr-system' content='tesseract 3.04.00' />
  <meta name='ocr-capabilities' content='ocr_page ocr_carea ocr_par ocr_line ocrx_word'/>
</head>
<body>
  <div class='ocr_page' id='page_1' title='image "4771408_0031.png"; bbox 0 0 2634 3601; ppageno 0'>
   <div class='ocr_carea' id='block_1_1' title="bbox 167 320 2428 3022">
    <p class='ocr_par' dir='ltr' id='par_1_1' title="bbox 170 320 2428 2327">
     <span class='ocr_line' id='line_1_1' title="bbox 172 320 2423 376; baseline -0 -12"><span class='ocrx_word' id='word_1_1' title='bbox 172 335 251 364; x_wconf 63' lang='grc' dir='ltr'><strong>πω.</strong></span> <span class='ocrx_word' id='word_1_2' title='bbox 304 324 460 363; x_wconf 66' lang='lat' dir='ltr'><strong>iuvenis</strong></span> <span class='ocrx_word' id='word_1_3' title='bbox 487 323 656 363; x_wconf 84' lang='lat' dir='ltr'><strong>discendi</strong></span> <span class='ocrx_word' id='word_1_4' title='bbox 683 321 812 361; x_wconf 83' lang='lat' dir='ltr'><strong>studio</strong></span> <span class='ocrx_word' id='word_1_5' title='bbox 836 320 989 370; x_wconf 87' lang='lat' dir='ltr'><strong>ductus,</strong></span> <span class='ocrx_word' id='word_1_6' title='bbox 1019 327 1065 363; x_wconf 86' lang='lat' dir='ltr'><strong>ut</strong></span> <span class='ocrx_word' id='word_1_7' title='bbox 1091 326 1289 376; x_wconf 80' lang='lat' dir='ltr'>ingenium</span> <span class='ocrx_word' id='word_1_8' title='bbox 1314 337 1430 366; x_wconf 84' lang='lat' dir='ltr'><strong>suum</strong></span> <span class='ocrx_word' id='word_1_9' title='bbox 1458 326 1568 366; x_wconf 87' lang='lat' dir='ltr'><strong>bonis</strong></span> <span class='ocrx_word' id='word_1_10' title='bbox 1596 323 1742 363; x_wconf 83' lang='lat' dir='ltr'><strong>artibus</strong></span> <span class='ocrx_word' id='word_1_11' title='bbox 1768 322 1891 362; x_wconf 85' lang='lat' dir='ltr'><strong>aleret</strong></span> <span class='ocrx_word' id='word_1_12' title='bbox 1916 322 2166 373; x_wconf 70' lang='lat' dir='ltr'><strong>maximeque</strong></span> <span class='ocrx_word' id='word_1_13' title='bbox 2190 326 2236 363; x_wconf 91' lang='lat' dir='ltr'><strong>ut</strong></span> <span class='ocrx_word' id='word_1_14' title='bbox 2259 322 2305 363; x_wconf 75' lang='lat' dir='ltr'><strong>iis</strong></span> <span class='ocrx_word' id='word_1_15' title='bbox 2331 321 2423 362; x_wconf 81' lang='lat' dir='ltr'><strong>doc·</strong></span> 
     </span>
     <span class='ocr_line' id='line_1_2' title="bbox 171 383 2423 439; baseline -0.001 -12"><span class='ocrx_word' id='word_1_16' title='bbox 171 387 294 427; x_wconf 82' lang='lat' dir='ltr'><strong>trinae</strong></span> <span class='ocrx_word' id='word_1_17' title='bbox 317 385 438 436; x_wconf 88' lang='lat' dir='ltr'><strong>copiis</strong></span> <span class='ocrx_word' id='word_1_18' title='bbox 461 386 634 425; x_wconf 80' lang='lat' dir='ltr'><strong>animum</strong></span> <span class='ocrx_word' id='word_1_19' title='bbox 660 393 776 424; x_wconf 87' lang='lat' dir='ltr'><strong>suum</strong></span> <span class='ocrx_word' id='word_1_20' title='bbox 802 384 1030 434; x_wconf 85' lang='lat' dir='ltr'><strong>instrueret,</strong></span> <span class='ocrx_word' id='word_1_21' title='bbox 1070 387 1209 437; x_wconf 84' lang='lat' dir='ltr'><strong>quibus</strong></span> <span class='ocrx_word' id='word_1_22' title='bbox 1236 390 1382 428; x_wconf 86' lang='lat' dir='ltr'><strong>oratori</strong></span> <span class='ocrx_word' id='word_1_23' title='bbox 1410 398 1506 439; x_wconf 85' lang='lat' dir='ltr'><strong>opus</strong></span> <span class='ocrx_word' id='word_1_24' title='bbox 1533 387 1591 425; x_wconf 79' lang='lat' dir='ltr'><strong>est</strong></span> <span class='ocrx_word' id='word_1_25' title='bbox 1617 384 1666 423; x_wconf 85' lang='lat' dir='ltr'><strong>ad</strong></span> <span class='ocrx_word' id='word_1_26' title='bbox 1689 393 1886 423; x_wconf 71' lang='lat' dir='ltr'><strong>nnuman</strong></span> <span class='ocrx_word' id='word_1_27' title='bbox 1908 383 2196 434; x_wconf 59' lang='lat' dir='ltr'><strong>adipiscenda</strong></span> <span class='ocrx_word' id='word_1_28' title='bbox 2219 384 2423 436; x_wconf 70' lang='lat' dir='ltr'><strong>perfectio—</strong></span> 
     </span>
     <span class='ocr_line' id='line_1_3' title="bbox 171 445 2428 500; baseline 0 -13"><span class='ocrx_word' id='word_1_29' title='bbox 171 458 272 495; x_wconf 84' lang='lat' dir='ltr'><strong>nem,</strong></span> <span class='ocrx_word' id='word_1_30' title='bbox 309 448 360 487; x_wconf 88' lang='lat' dir='ltr'><strong>ad</strong></span> <span class='ocrx_word' id='word_1_31' title='bbox 394 447 679 499; x_wconf 74' lang='lat' dir='ltr'>philosophiam</span> <span class='ocrx_word' id='word_1_32' title='bbox 706 446 898 487; x_wconf 89' lang='lat' dir='ltr'><strong>Graecam</strong></span> <span class='ocrx_word' id='word_1_33' title='bbox 934 460 976 486; x_wconf 86' lang='lat' dir='ltr'><strong>se</strong></span> <span class='ocrx_word' id='word_1_34' title='bbox 1012 449 1173 487; x_wconf 89' lang='lat' dir='ltr'><strong>contulit</strong></span> <span class='ocrx_word' id='word_1_35' title='bbox 1207 450 1465 500; x_wconf 82' lang='lat' dir='ltr'><strong>omnibusque</strong></span> <span class='ocrx_word' id='word_1_36' title='bbox 1499 450 1580 499; x_wconf 85' lang='lat' dir='ltr'><strong>ejus</strong></span> <span class='ocrx_word' id='word_1_37' title='bbox 1607 446 1813 497; x_wconf 80' lang='lat' dir='ltr'><strong>disciplinis</strong></span> <span class='ocrx_word' id='word_1_38' title='bbox 1837 445 2118 496; x_wconf 68' lang='lat' dir='ltr'><strong>«cognoscendis</strong></span> <span class='ocrx_word' id='word_1_39' title='bbox 2140 448 2428 497; x_wconf 71' lang='lat' dir='ltr'><strong>diligentissime</strong></span> 
     </span>
     <span class='ocr_line' id='line_1_4' title="bbox 170 508 2426 564; baseline 0.001 -14"><span class='ocrx_word' id='word_1_40' title='bbox 170 517 331 561; x_wconf 81' lang='lat' dir='ltr'><strong>operam</strong></span> <span class='ocrx_word' id='word_1_41' title='bbox 357 509 477 551; x_wconf 87' lang='lat' dir='ltr'><strong>dedit.</strong></span> <span class='ocrx_word' id='word_1_42' title='bbox 530 511 633 551; x_wconf 82' lang='lat' dir='ltr'><strong>Tum</strong></span> <span class='ocrx_word' id='word_1_43' title='bbox 662 511 833 561; x_wconf 74' lang='lat' dir='ltr'><strong>arripuit,</strong></span> <span class='ocrx_word' id='word_1_44' title='bbox 860 510 1045 559; x_wconf 88' lang='lat' dir='ltr'><strong>quidquid</strong></span> <span class='ocrx_word' id='word_1_45' title='bbox 1071 519 1243 559; x_wconf 82' lang='lat' dir='ltr'><strong>unquam</strong></span> <span class='ocrx_word' id='word_1_46' title='bbox 1271 509 1409 552; x_wconf 86' lang='lat' dir='ltr'><strong>Graeci</strong></span> <span class='ocrx_word' id='word_1_47' title='bbox 1436 510 1651 564; x_wconf 85' lang='lat' dir='ltr'>philosophi</span> <span class='ocrx_word' id='word_1_48' title='bbox 1678 510 1902 550; x_wconf 89' lang='lat' dir='ltr'><strong>docuerant.</strong></span> <span class='ocrx_word' id='word_1_49' title='bbox 1955 508 2056 550; x_wconf 83' lang='lat' dir='ltr'><strong>Nam</strong></span> <span class='ocrx_word' id='word_1_50' title='bbox 2080 510 2258 551; x_wconf 89' lang='lat' dir='ltr'><strong>omnium</strong></span> <span class='ocrx_word' id='word_1_51' title='bbox 2282 510 2426 552; x_wconf 75' lang='lat' dir='ltr'><strong>horum</strong></span> 
     </span>
     <span class='ocr_line' id='line_1_5' title="bbox 171 570 2424 624; baseline 0.001 -12"><span class='ocrx_word' id='word_1_52' title='bbox 171 573 332 613; x_wconf 85' lang='lat' dir='ltr'><strong>nomina</strong></span> <span class='ocrx_word' id='word_1_53' title='bbox 359 575 399 613; x_wconf 90' lang='lat' dir='ltr'><strong>et</strong></span> <span class='ocrx_word' id='word_1_54' title='bbox 426 573 634 613; x_wconf 86' lang='lat' dir='ltr'><strong>sententias</strong></span> <span class='ocrx_word' id='word_1_55' title='bbox 659 574 777 619; x_wconf 77' lang='lat' dir='ltr'><strong>tenet,</strong></span> <span class='ocrx_word' id='word_1_56' title='bbox 812 571 880 610; x_wconf 88' lang='lat' dir='ltr'><strong>sed</strong></span> <span class='ocrx_word' id='word_1_57' title='bbox 904 572 1074 611; x_wconf 84' lang='lat' dir='ltr'><strong>maxime</strong></span> <span class='ocrx_word' id='word_1_58' title='bbox 1099 571 1150 611; x_wconf 90' lang='lat' dir='ltr'><strong>ad</strong></span> <span class='ocrx_word' id='word_1_59' title='bbox 1177 582 1224 611; x_wconf 89' lang='lat' dir='ltr'><strong>ea</strong></span> <span class='ocrx_word' id='word_1_60' title='bbox 1249 575 1415 614; x_wconf 81' lang='lat' dir='ltr'><strong>attendit</strong></span> <span class='ocrx_word' id='word_1_61' title='bbox 1440 576 1623 622; x_wconf 86' lang='lat' dir='ltr'><strong>animum,</strong></span> <span class='ocrx_word' id='word_1_62' title='bbox 1658 583 1760 624; x_wconf 80' lang='lat' dir='ltr'><strong>quae</strong></span> <span class='ocrx_word' id='word_1_63' title='bbox 1784 572 1930 615; x_wconf 85' lang='lat' dir='ltr'><strong>oratori</strong></span> <span class='ocrx_word' id='word_1_64' title='bbox 1953 570 2159 611; x_wconf 69' lang='lat' dir='ltr'><strong>formando</strong></span> <span class='ocrx_word' id='word_1_65' title='bbox 2186 573 2424 622; x_wconf 69' lang='lat' dir='ltr'><strong>inservirent,</strong></span> 
     </span>
     <span class='ocr_line' id='line_1_6' title="bbox 170 632 2423 688; baseline -0.002 -10"><span class='ocrx_word' id='word_1_66' title='bbox 170 648 298 688; x_wconf 85' lang='lat' dir='ltr'><strong>eaque</strong></span> <span class='ocrx_word' id='word_1_67' title='bbox 324 638 374 677; x_wconf 89' lang='lat' dir='ltr'><strong>ad</strong></span> <span class='ocrx_word' id='word_1_68' title='bbox 400 647 514 676; x_wconf 89' lang='lat' dir='ltr'><strong>usum</strong></span> <span class='ocrx_word' id='word_1_69' title='bbox 542 646 655 675; x_wconf 88' lang='lat' dir='ltr'><strong>suum</strong></span> <span class='ocrx_word' id='word_1_70' title='bbox 682 635 808 686; x_wconf 78' lang='lat' dir='ltr'><strong>clegit.</strong></span> <span class='ocrx_word' id='word_1_71' title='bbox 863 632 997 683; x_wconf 88' lang='lat' dir='ltr'><strong>Quum</strong></span> <span class='ocrx_word' id='word_1_72' title='bbox 1025 636 1140 686; x_wconf 69' lang='lat' dir='ltr'><strong>igitur</strong></span> <span class='ocrx_word' id='word_1_73' title='bbox 1160 632 1363 676; x_wconf 78' lang='lat' dir='ltr'><strong>Socratem</strong></span> <span class='ocrx_word' id='word_1_74' title='bbox 1389 641 1506 687; x_wconf 90' lang='lat' dir='ltr'><strong>atque</strong></span> <span class='ocrx_word' id='word_1_75' title='bbox 1523 637 1728 676; x_wconf 83' lang='lat' dir='ltr'><strong>Platonem</strong></span> <span class='ocrx_word' id='word_1_76' title='bbox 1752 636 1794 675; x_wconf 85' lang='lat' dir='ltr'><strong>in</strong></span> <span class='ocrx_word' id='word_1_77' title='bbox 1820 635 1963 675; x_wconf 75' lang='lat' dir='ltr'><strong>deliciis</strong></span> <span class='ocrx_word' id='word_1_78' title='bbox 1988 634 2161 681; x_wconf 81' lang='lat' dir='ltr'><strong>haberet,</strong></span> <span class='ocrx_word' id='word_1_79' title='bbox 2186 637 2320 675; x_wconf 84' lang='lat' dir='ltr'><strong>tamon</strong></span> <span class='ocrx_word' id='word_1_80' title='bbox 2339 647 2423 678; x_wconf 76' lang='lat' dir='ltr'><strong>ma-</strong></span> 
     </span>
     <span class='ocr_line' id='line_1_7' title="bbox 172 698 2424 751; baseline 0 -10"><span class='ocrx_word' id='word_1_81' title='bbox 172 702 319 741; x_wconf 85' lang='lat' dir='ltr'><strong>ximam</strong></span> <span class='ocrx_word' id='word_1_82' title='bbox 352 700 591 740; x_wconf 76' lang='lat' dir='ltr'>Academicis</span> <span class='ocrx_word' id='word_1_83' title='bbox 625 708 787 748; x_wconf 79' lang='lat' dir='ltr'><strong>operam</strong></span> <span class='ocrx_word' id='word_1_84' title='bbox 817 698 941 745; x_wconf 87' lang='lat' dir='ltr'><strong>dedit,</strong></span> <span class='ocrx_word' id='word_1_85' title='bbox 982 700 1074 749; x_wconf 67' lang='lat' dir='ltr'><strong>(mia</strong></span> <span class='ocrx_word' id='word_1_86' title='bbox 1104 699 1144 738; x_wconf 92' lang='lat' dir='ltr'><strong>hi</strong></span> <span class='ocrx_word' id='word_1_87' title='bbox 1177 699 1388 740; x_wconf 86' lang='lat' dir='ltr'><strong>disserendi</strong></span> <span class='ocrx_word' id='word_1_88' title='bbox 1424 702 1497 741; x_wconf 87' lang='lat' dir='ltr'><strong>arti</strong></span> <span class='ocrx_word' id='word_1_89' title='bbox 1531 701 1744 751; x_wconf 86' lang='lat' dir='ltr'><strong>plurimum</strong></span> <span class='ocrx_word' id='word_1_90' title='bbox 1776 699 2010 739; x_wconf 75' lang='lat' dir='ltr'><strong>tribuebant.</strong></span> <span class='ocrx_word' id='word_1_91' title='bbox 2063 698 2136 739; x_wconf 83' lang='lat' dir='ltr'><strong>Hic</strong></span> <span class='ocrx_word' id='word_1_92' title='bbox 2162 700 2311 750; x_wconf 81' lang='lat' dir='ltr'><strong>primus</strong></span> <span class='ocrx_word' id='word_1_93' title='bbox 2336 699 2424 741; x_wconf 72' lang='lat' dir='ltr'><strong>sons</strong></span> 
     </span>
     <span class='ocr_line' id='line_1_8' title="bbox 176 761 2423 814; baseline -0.001 -11"><span class='ocrx_word' id='word_1_94' title='bbox 176 766 260 803; x_wconf 88' lang='lat' dir='ltr'><strong>erat</strong></span> <span class='ocrx_word' id='word_1_95' title='bbox 285 764 469 803; x_wconf 81' lang='lat' dir='ltr'><strong>scientiae</strong></span> <span class='ocrx_word' id='word_1_96' title='bbox 495 763 589 812; x_wconf 85' lang='lat' dir='ltr'><strong>ejus,</strong></span> <span class='ocrx_word' id='word_1_97' title='bbox 616 771 734 811; x_wconf 84' lang='lat' dir='ltr'><strong>quam</strong></span> <span class='ocrx_word' id='word_1_98' title='bbox 761 762 802 801; x_wconf 90' lang='lat' dir='ltr'><strong>in</strong></span> <span class='ocrx_word' id='word_1_99' title='bbox 819 761 1093 812; x_wconf 82' lang='lat' dir='ltr'><strong>philosophicis</strong></span> <span class='ocrx_word' id='word_1_100' title='bbox 1117 763 1189 802; x_wconf 89' lang='lat' dir='ltr'><strong>sibi</strong></span> <span class='ocrx_word' id='word_1_101' title='bbox 1217 765 1464 814; x_wconf 88' lang='lat' dir='ltr'><strong>comparavit,</strong></span> <span class='ocrx_word' id='word_1_102' title='bbox 1492 766 1532 803; x_wconf 89' lang='lat' dir='ltr'><strong>et</strong></span> <span class='ocrx_word' id='word_1_103' title='bbox 1557 763 1634 803; x_wconf 90' lang='lat' dir='ltr'><strong>hoc</strong></span> <span class='ocrx_word' id='word_1_104' title='bbox 1655 762 1812 813; x_wconf 77' lang='lat' dir='ltr'><strong>iuvenili</strong></span> <span class='ocrx_word' id='word_1_105' title='bbox 1837 763 1955 802; x_wconf 86' lang='lat' dir='ltr'><strong>animi</strong></span> <span class='ocrx_word' id='word_1_106' title='bbox 1984 762 2129 802; x_wconf 71' lang='lat' dir='ltr'><strong>ardore</strong></span> <span class='ocrx_word' id='word_1_107' title='bbox 2151 764 2193 801; x_wconf 84' lang='lat' dir='ltr'><strong>et</strong></span> <span class='ocrx_word' id='word_1_108' title='bbox 2211 761 2338 801; x_wconf 84' lang='lat' dir='ltr'><strong>studio</strong></span> <span class='ocrx_word' id='word_1_109' title='bbox 2362 762 2423 802; x_wconf 82' lang='lat' dir='ltr'><strong>in·</strong></span> 
     </span>
     <span class='ocr_line' id='line_1_9' title="bbox 175 824 2422 879; baseline -0.002 -11"><span class='ocrx_word' id='word_1_110' title='bbox 175 829 314 868; x_wconf 84' lang='lat' dir='ltr'><strong>citatus</strong></span> <span class='ocrx_word' id='word_1_111' title='bbox 345 830 478 879; x_wconf 88' lang='lat' dir='ltr'><strong>aptum</strong></span> <span class='ocrx_word' id='word_1_112' title='bbox 505 837 547 865; x_wconf 90' lang='lat' dir='ltr'><strong>se</strong></span> <span class='ocrx_word' id='word_1_113' title='bbox 573 825 700 865; x_wconf 76' lang='lat' dir='ltr'><strong>effecit</strong></span> <span class='ocrx_word' id='word_1_114' title='bbox 726 825 777 865; x_wconf 84' lang='lat' dir='ltr'><strong>ad</strong></span> <span class='ocrx_word' id='word_1_115' title='bbox 802 826 1131 877; x_wconf 73' lang='lat' dir='ltr'><strong>praestantissima</strong></span> <span class='ocrx_word' id='word_1_116' title='bbox 1158 825 1400 877; x_wconf 74' lang='lat' dir='ltr'><strong>eloquentiae</strong></span> <span class='ocrx_word' id='word_1_117' title='bbox 1427 838 1548 878; x_wconf 86' lang='lat' dir='ltr'><strong>opera</strong></span> <span class='ocrx_word' id='word_1_118' title='bbox 1574 826 1801 867; x_wconf 83' lang='lat' dir='ltr'><strong>exhibenda.</strong></span> <span class='ocrx_word' id='word_1_119' title='bbox 1854 825 1963 866; x_wconf 88' lang='lat' dir='ltr'><strong>Haec</strong></span> <span class='ocrx_word' id='word_1_120' title='bbox 1989 837 2043 866; x_wconf 82' lang='lat' dir='ltr'><strong>ex</strong></span> <span class='ocrx_word' id='word_1_121' title='bbox 2074 825 2226 877; x_wconf 79' lang='lat' dir='ltr'><strong>ingenio</strong></span> <span class='ocrx_word' id='word_1_122' title='bbox 2253 824 2422 876; x_wconf 79' lang='lat' dir='ltr'><strong>philoso-</strong></span> 
     </span>
     <span class='ocr_line' id='line_1_10' title="bbox 174 889 2425 942; baseline -0.001 -13"><span class='ocrx_word' id='word_1_123' title='bbox 174 890 265 942; x_wconf 77' lang='lat' dir='ltr'><strong>phia</strong></span> <span class='ocrx_word' id='word_1_124' title='bbox 297 889 451 929; x_wconf 84' lang='lat' dir='ltr'><strong>exculto</strong></span> <span class='ocrx_word' id='word_1_125' title='bbox 483 891 601 937; x_wconf 90' lang='lat' dir='ltr'><strong>atque</strong></span> <span class='ocrx_word' id='word_1_126' title='bbox 634 898 656 926; x_wconf 94' lang='lat' dir='ltr'><strong>e</strong></span> <span class='ocrx_word' id='word_1_127' title='bbox 688 898 843 927; x_wconf 88' lang='lat' dir='ltr'><strong>summo</strong></span> <span class='ocrx_word' id='word_1_128' title='bbox 870 889 1022 928; x_wconf 88' lang='lat' dir='ltr'><strong>dicendi</strong></span> <span class='ocrx_word' id='word_1_129' title='bbox 1049 890 1124 928; x_wconf 88' lang='lat' dir='ltr'><strong>arti</strong></span> <span class='ocrx_word' id='word_1_130' title='bbox 1152 892 1374 928; x_wconf 86' lang='lat' dir='ltr'><strong>consecrato</strong></span> <span class='ocrx_word' id='word_1_131' title='bbox 1402 900 1538 929; x_wconf 91' lang='lat' dir='ltr'><strong>amore</strong></span> <span class='ocrx_word' id='word_1_132' title='bbox 1564 892 1851 929; x_wconf 68' lang='lat' dir='ltr'><strong>emanaverunt</strong></span> <span class='ocrx_word' id='word_1_133' title='bbox 1905 890 2057 935; x_wconf 81' lang='lat' dir='ltr'><strong>Postea,</strong></span> <span class='ocrx_word' id='word_1_134' title='bbox 2097 900 2221 938; x_wconf 80' lang='lat' dir='ltr'><strong>quum</strong></span> <span class='ocrx_word' id='word_1_135' title='bbox 2247 891 2425 938; x_wconf 80' lang='lat' dir='ltr'><strong>tempora</strong></span> 
     </span>
     <span class='ocr_line' id='line_1_11' title="bbox 173 950 2424 1002; baseline -0 -10"><span class='ocrx_word' id='word_1_136' title='bbox 173 954 374 992; x_wconf 76' lang='lat' dir='ltr'><strong>acerbiora</strong></span> <span class='ocrx_word' id='word_1_137' title='bbox 401 952 435 990; x_wconf 89' lang='lat' dir='ltr'><strong>ei</strong></span> <span class='ocrx_word' id='word_1_138' title='bbox 467 951 605 989; x_wconf 86' lang='lat' dir='ltr'><strong>fierent</strong></span> <span class='ocrx_word' id='word_1_139' title='bbox 636 962 708 999; x_wconf 87' lang='lat' dir='ltr'><strong>per</strong></span> <span class='ocrx_word' id='word_1_140' title='bbox 734 951 858 990; x_wconf 81' lang='lat' dir='ltr'><strong>fixum</strong></span> <span class='ocrx_word' id='word_1_141' title='bbox 886 962 1093 992; x_wconf 86' lang='lat' dir='ltr'><strong>causarum</strong></span> <span class='ocrx_word' id='word_1_142' title='bbox 1119 956 1401 1002; x_wconf 83' lang='lat' dir='ltr'><strong>eventuumque</strong></span> <span class='ocrx_word' id='word_1_143' title='bbox 1427 963 1573 991; x_wconf 83' lang='lat' dir='ltr'><strong>nexum</strong></span> <span class='ocrx_word' id='word_1_144' title='bbox 1606 955 1724 1002; x_wconf 80' lang='lat' dir='ltr'><strong>atque</strong></span> <span class='ocrx_word' id='word_1_145' title='bbox 1749 953 1994 1002; x_wconf 74' lang='lat' dir='ltr'><strong>eloquentiae</strong></span> <span class='ocrx_word' id='word_1_146' title='bbox 2022 952 2104 1001; x_wconf 69' lang='lat' dir='ltr'><strong>iam</strong></span> <span class='ocrx_word' id='word_1_147' title='bbox 2130 963 2258 1001; x_wconf 91' lang='lat' dir='ltr'><strong>neque</strong></span> <span class='ocrx_word' id='word_1_148' title='bbox 2289 951 2331 991; x_wconf 76' lang='lat' dir='ltr'><strong>in</strong></span> <span class='ocrx_word' id='word_1_149' title='bbox 2360 950 2424 1000; x_wconf 75' lang='lat' dir='ltr'><strong>Ju-</strong></span> 
     </span>
     <span class='ocr_line' id='line_1_12' title="bbox 174 1012 2423 1067; baseline -0.001 -12"><span class='ocrx_word' id='word_1_150' title='bbox 174 1015 298 1062; x_wconf 89' lang='lat' dir='ltr'><strong>diciis,</strong></span> <span class='ocrx_word' id='word_1_151' title='bbox 325 1025 451 1065; x_wconf 89' lang='lat' dir='ltr'><strong>neque</strong></span> <span class='ocrx_word' id='word_1_152' title='bbox 475 1013 517 1054; x_wconf 90' lang='lat' dir='ltr'><strong>in</strong></span> <span class='ocrx_word' id='word_1_153' title='bbox 541 1013 676 1065; x_wconf 83' lang='lat' dir='ltr'><strong>populi</strong></span> <span class='ocrx_word' id='word_1_154' title='bbox 703 1015 964 1062; x_wconf 85' lang='lat' dir='ltr'><strong>concionibus,</strong></span> <span class='ocrx_word' id='word_1_155' title='bbox 990 1021 1118 1066; x_wconf 78' lang='lat' dir='ltr'><strong>neque</strong></span> <span class='ocrx_word' id='word_1_156' title='bbox 1145 1015 1308 1067; x_wconf 85' lang='lat' dir='ltr'><strong>denique</strong></span> <span class='ocrx_word' id='word_1_157' title='bbox 1334 1015 1374 1055; x_wconf 92' lang='lat' dir='ltr'><strong>in</strong></span> <span class='ocrx_word' id='word_1_158' title='bbox 1401 1016 1538 1054; x_wconf 89' lang='lat' dir='ltr'><strong>senatu</strong></span> <span class='ocrx_word' id='word_1_159' title='bbox 1563 1014 1673 1054; x_wconf 84' lang='lat' dir='ltr'><strong>locus</strong></span> <span class='ocrx_word' id='word_1_160' title='bbox 1700 1018 1812 1063; x_wconf 87' lang='lat' dir='ltr'><strong>esset,</strong></span> <span class='ocrx_word' id='word_1_161' title='bbox 1839 1025 1958 1055; x_wconf 80' lang='lat' dir='ltr'><strong>senex</strong></span> <span class='ocrx_word' id='word_1_162' title='bbox 1975 1014 2093 1053; x_wconf 88' lang='lat' dir='ltr'><strong>animi</strong></span> <span class='ocrx_word' id='word_1_163' title='bbox 2109 1012 2311 1053; x_wconf 84' lang='lat' dir='ltr'><strong>recreandi</strong></span> <span class='ocrx_word' id='word_1_164' title='bbox 2328 1021 2423 1052; x_wconf 86' lang='lat' dir='ltr'><strong>cau—</strong></span> 
     </span>
     <span class='ocr_line' id='line_1_13' title="bbox 175 1077 2423 1128; baseline -0 -12"><span class='ocrx_word' id='word_1_165' title='bbox 175 1089 217 1116; x_wconf 88' lang='lat' dir='ltr'><strong>sa</strong></span> <span class='ocrx_word' id='word_1_166' title='bbox 243 1078 293 1116; x_wconf 89' lang='lat' dir='ltr'><strong>ad</strong></span> <span class='ocrx_word' id='word_1_167' title='bbox 317 1088 366 1115; x_wconf 87' lang='lat' dir='ltr'><strong>ea</strong></span> <span class='ocrx_word' id='word_1_168' title='bbox 394 1077 520 1115; x_wconf 90' lang='lat' dir='ltr'><strong>studia</strong></span> <span class='ocrx_word' id='word_1_169' title='bbox 546 1087 588 1115; x_wconf 86' lang='lat' dir='ltr'><strong>se</strong></span> <span class='ocrx_word' id='word_1_170' title='bbox 613 1078 757 1123; x_wconf 84' lang='lat' dir='ltr'><strong>retulit,</strong></span> <span class='ocrx_word' id='word_1_171' title='bbox 783 1079 924 1127; x_wconf 81' lang='lat' dir='ltr'><strong>quihus</strong></span> <span class='ocrx_word' id='word_1_172' title='bbox 947 1079 1096 1128; x_wconf 87' lang='lat' dir='ltr'><strong>juvenis</strong></span> <span class='ocrx_word' id='word_1_173' title='bbox 1121 1080 1292 1117; x_wconf 89' lang='lat' dir='ltr'><strong>animum</strong></span> <span class='ocrx_word' id='word_1_174' title='bbox 1319 1081 1493 1117; x_wconf 75' lang='lat' dir='ltr'><strong>auxerat.</strong></span> <span class='ocrx_word' id='word_1_175' title='bbox 1549 1079 1651 1117; x_wconf 86' lang='lat' dir='ltr'><strong>Tum</strong></span> <span class='ocrx_word' id='word_1_176' title='bbox 1676 1079 1778 1118; x_wconf 83' lang='lat' dir='ltr'><strong>hanc</strong></span> <span class='ocrx_word' id='word_1_177' title='bbox 1803 1079 2013 1124; x_wconf 81' lang='lat' dir='ltr'><strong>doetrinae,</strong></span> <span class='ocrx_word' id='word_1_178' title='bbox 2039 1089 2157 1126; x_wconf 91' lang='lat' dir='ltr'><strong>quam</strong></span> <span class='ocrx_word' id='word_1_179' title='bbox 2176 1078 2250 1116; x_wconf 83' lang='lat' dir='ltr'><strong>sibi</strong></span> <span class='ocrx_word' id='word_1_180' title='bbox 2266 1077 2423 1126; x_wconf 61' lang='lat' dir='ltr'><strong>juve-Ei</strong></span> 
     </span>
     <span class='ocr_line' id='line_1_14' title="bbox 175 1138 2424 1191; baseline -0 -13"><span class='ocrx_word' id='word_1_181' title='bbox 175 1139 396 1179; x_wconf 81' lang='lat' dir='ltr'><strong>assiduitate</strong></span> <span class='ocrx_word' id='word_1_182' title='bbox 422 1142 729 1189; x_wconf 79' lang='lat' dir='ltr'><strong>comparaverat,</strong></span> <span class='ocrx_word' id='word_1_183' title='bbox 756 1141 909 1191; x_wconf 91' lang='lat' dir='ltr'><strong>copiam</strong></span> <span class='ocrx_word' id='word_1_184' title='bbox 937 1141 1067 1180; x_wconf 83' lang='lat' dir='ltr'><strong>multis</strong></span> <span class='ocrx_word' id='word_1_185' title='bbox 1094 1141 1202 1180; x_wconf 91' lang='lat' dir='ltr'><strong>editis</strong></span> <span class='ocrx_word' id='word_1_186' title='bbox 1229 1141 1334 1180; x_wconf 85' lang='lat' dir='ltr'><strong>libris</strong></span> <span class='ocrx_word' id='word_1_187' title='bbox 1362 1141 1506 1180; x_wconf 81' lang='lat' dir='ltr'><strong>effudit.</strong></span> <span class='ocrx_word' id='word_1_188' title='bbox 1561 1140 1662 1181; x_wconf 87' lang='lat' dir='ltr'><strong>Nam</strong></span> <span class='ocrx_word' id='word_1_189' title='bbox 1688 1142 1806 1181; x_wconf 82' lang='lat' dir='ltr'><strong>etiam</strong></span> <span class='ocrx_word' id='word_1_190' title='bbox 1828 1152 1876 1181; x_wconf 88' lang='lat' dir='ltr'><strong>eo</strong></span> <span class='ocrx_word' id='word_1_191' title='bbox 1896 1141 2015 1180; x_wconf 81' lang='lat' dir='ltr'><strong>animi</strong></span> <span class='ocrx_word' id='word_1_192' title='bbox 2040 1140 2187 1190; x_wconf 88' lang='lat' dir='ltr'><strong>impetu</strong></span> <span class='ocrx_word' id='word_1_193' title='bbox 2213 1138 2424 1184; x_wconf 83' lang='lat' dir='ltr'><strong>ferebatur,</strong></span> 
     </span>
     <span class='ocr_line' id='line_1_15' title="bbox 175 1202 2421 1255; baseline 0 -14"><span class='ocrx_word' id='word_1_194' title='bbox 175 1206 229 1250; x_wconf 84' lang='lat' dir='ltr'><strong>ut,</strong></span> <span class='ocrx_word' id='word_1_195' title='bbox 264 1214 365 1252; x_wconf 90' lang='lat' dir='ltr'><strong>quae</strong></span> <span class='ocrx_word' id='word_1_196' title='bbox 392 1203 518 1253; x_wconf 90' lang='lat' dir='ltr'><strong>ipsum</strong></span> <span class='ocrx_word' id='word_1_197' title='bbox 545 1203 749 1253; x_wconf 81' lang='lat' dir='ltr'><strong>agitarent,</strong></span> <span class='ocrx_word' id='word_1_198' title='bbox 786 1204 1004 1243; x_wconf 85' lang='lat' dir='ltr'><strong>communis</strong></span> <span class='ocrx_word' id='word_1_199' title='bbox 1031 1204 1175 1243; x_wconf 75' lang='lat' dir='ltr'><strong>faceret</strong></span> <span class='ocrx_word' id='word_1_200' title='bbox 1196 1205 1293 1255; x_wconf 87' lang='lat' dir='ltr'><strong>juris</strong></span> <span class='ocrx_word' id='word_1_201' title='bbox 1320 1204 1576 1254; x_wconf 84' lang='lat' dir='ltr'><strong>omnibusque</strong></span> <span class='ocrx_word' id='word_1_202' title='bbox 1602 1204 1801 1255; x_wconf 77' lang='lat' dir='ltr'><strong>impertire</strong></span> <span class='ocrx_word' id='word_1_203' title='bbox 1824 1203 1946 1243; x_wconf 84' lang='lat' dir='ltr'><strong>vellet.</strong></span> <span class='ocrx_word' id='word_1_204' title='bbox 1999 1202 2108 1242; x_wconf 79' lang='lat' dir='ltr'><strong>Haec</strong></span> <span class='ocrx_word' id='word_1_205' title='bbox 2135 1202 2216 1252; x_wconf 88' lang='lat' dir='ltr'><strong>ejus</strong></span> <span class='ocrx_word' id='word_1_206' title='bbox 2242 1204 2328 1241; x_wconf 87' lang='lat' dir='ltr'><strong>erat</strong></span> <span class='ocrx_word' id='word_1_207' title='bbox 2352 1211 2421 1241; x_wconf 84' lang='lat' dir='ltr'><strong>na-</strong></span> 
     </span>
     <span class='ocr_line' id='line_1_16' title="bbox 173 1264 2421 1315; baseline -0.001 -9"><span class='ocrx_word' id='word_1_208' title='bbox 173 1269 272 1306; x_wconf 88' lang='lat' dir='ltr'><strong>tura.</strong></span> <span class='ocrx_word' id='word_1_209' title='bbox 326 1264 463 1305; x_wconf 88' lang='lat' dir='ltr'><strong>Cicero</strong></span> <span class='ocrx_word' id='word_1_210' title='bbox 490 1268 628 1305; x_wconf 86' lang='lat' dir='ltr'><strong>orator</strong></span> <span class='ocrx_word' id='word_1_211' title='bbox 660 1264 757 1304; x_wconf 88' lang='lat' dir='ltr'><strong>virili</strong></span> <span class='ocrx_word' id='word_1_212' title='bbox 784 1267 912 1305; x_wconf 88' lang='lat' dir='ltr'><strong>aetate</strong></span> <span class='ocrx_word' id='word_1_213' title='bbox 940 1276 1075 1305; x_wconf 88' lang='lat' dir='ltr'><strong>sanam</strong></span> <span class='ocrx_word' id='word_1_214' title='bbox 1103 1267 1142 1305; x_wconf 92' lang='lat' dir='ltr'><strong>in</strong></span> <span class='ocrx_word' id='word_1_215' title='bbox 1168 1267 1344 1305; x_wconf 85' lang='lat' dir='ltr'><strong>omnibus</strong></span> <span class='ocrx_word' id='word_1_216' title='bbox 1371 1267 1488 1306; x_wconf 88' lang='lat' dir='ltr'><strong>rebus</strong></span> <span class='ocrx_word' id='word_1_217' title='bbox 1513 1268 1670 1307; x_wconf 86' lang='lat' dir='ltr'><strong>secutus</strong></span> <span class='ocrx_word' id='word_1_218' title='bbox 1695 1269 1754 1306; x_wconf 73' lang='lat' dir='ltr'><strong>est</strong></span> <span class='ocrx_word' id='word_1_219' title='bbox 1779 1267 1970 1306; x_wconf 78' lang='lat' dir='ltr'><strong>rationem</strong></span> <span class='ocrx_word' id='word_1_220' title='bbox 1997 1266 2065 1305; x_wconf 88' lang='lat' dir='ltr'><strong>sed</strong></span> <span class='ocrx_word' id='word_1_221' title='bbox 2091 1266 2165 1311; x_wconf 82' lang='lat' dir='ltr'><strong>ita,</strong></span> <span class='ocrx_word' id='word_1_222' title='bbox 2198 1267 2243 1304; x_wconf 81' lang='lat' dir='ltr'><strong>u&#39;t</strong></span> <span class='ocrx_word' id='word_1_223' title='bbox 2269 1268 2421 1315; x_wconf 90' lang='lat' dir='ltr'><strong>tempo-</strong></span> 
     </span>
     <span class='ocr_line' id='line_1_17' title="bbox 175 1328 2425 1381; baseline -0.001 -11"><span class='ocrx_word' id='word_1_224' title='bbox 175 1331 279 1370; x_wconf 88' lang='lat' dir='ltr'><strong>ribus</strong></span> <span class='ocrx_word' id='word_1_225' title='bbox 316 1341 358 1369; x_wconf 89' lang='lat' dir='ltr'><strong>se</strong></span> <span class='ocrx_word' id='word_1_226' title='bbox 393 1329 710 1368; x_wconf 87' lang='lat' dir='ltr'><strong>accommodaret</strong></span> <span class='ocrx_word' id='word_1_227' title='bbox 744 1330 952 1379; x_wconf 88' lang='lat' dir='ltr'><strong>omniaque</strong></span> <span class='ocrx_word' id='word_1_228' title='bbox 985 1330 1112 1369; x_wconf 90' lang='lat' dir='ltr'><strong>studia</strong></span> <span class='ocrx_word' id='word_1_229' title='bbox 1140 1340 1209 1368; x_wconf 93' lang='lat' dir='ltr'><strong>sua</strong></span> <span class='ocrx_word' id='word_1_230' title='bbox 1235 1329 1285 1368; x_wconf 89' lang='lat' dir='ltr'><strong>ad</strong></span> <span class='ocrx_word' id='word_1_231' title='bbox 1315 1333 1420 1369; x_wconf 88' lang='lat' dir='ltr'><strong>certa</strong></span> <span class='ocrx_word' id='word_1_232' title='bbox 1446 1331 1637 1381; x_wconf 86' lang='lat' dir='ltr'><strong>quaedam</strong></span> <span class='ocrx_word' id='word_1_233' title='bbox 1663 1331 1703 1370; x_wconf 92' lang='lat' dir='ltr'><strong>in</strong></span> <span class='ocrx_word' id='word_1_234' title='bbox 1728 1331 1806 1370; x_wconf 92' lang='lat' dir='ltr'><strong>vita</strong></span> <span class='ocrx_word' id='word_1_235' title='bbox 1825 1331 1980 1381; x_wconf 89' lang='lat' dir='ltr'><strong>publica</strong></span> <span class='ocrx_word' id='word_1_236' title='bbox 2004 1328 2241 1381; x_wconf 82' lang='lat' dir='ltr'><strong>perficienda</strong></span> <span class='ocrx_word' id='word_1_237' title='bbox 2266 1328 2425 1368; x_wconf 83' lang='lat' dir='ltr'><strong>consilia</strong></span> 
     </span>
     <span class='ocr_line' id='line_1_18' title="bbox 173 1391 2422 1445; baseline -0.001 -12"><span class='ocrx_word' id='word_1_238' title='bbox 173 1395 362 1443; x_wconf 83' lang='lat' dir='ltr'><strong>dirigeret.</strong></span> <span class='ocrx_word' id='word_1_239' title='bbox 417 1392 479 1432; x_wconf 82' lang='lat' dir='ltr'><strong>Ex</strong></span> <span class='ocrx_word' id='word_1_240' title='bbox 504 1393 706 1431; x_wconf 87' lang='lat' dir='ltr'><strong>literarum</strong></span> <span class='ocrx_word' id='word_1_241' title='bbox 735 1391 864 1431; x_wconf 88' lang='lat' dir='ltr'><strong>studio</strong></span> <span class='ocrx_word' id='word_1_242' title='bbox 899 1393 937 1431; x_wconf 91' lang='lat' dir='ltr'><strong>in</strong></span> <span class='ocrx_word' id='word_1_243' title='bbox 965 1393 1088 1443; x_wconf 91' lang='lat' dir='ltr'><strong>ipsam</strong></span> <span class='ocrx_word' id='word_1_244' title='bbox 1114 1394 1229 1432; x_wconf 91' lang='lat' dir='ltr'><strong>vitam</strong></span> <span class='ocrx_word' id='word_1_245' title='bbox 1254 1394 1460 1433; x_wconf 90' lang='lat' dir='ltr'><strong>translatus</strong></span> <span class='ocrx_word' id='word_1_246' title='bbox 1486 1395 1592 1434; x_wconf 89' lang='lat' dir='ltr'><strong>nullo</strong></span> <span class='ocrx_word' id='word_1_247' title='bbox 1626 1396 1762 1445; x_wconf 89' lang='lat' dir='ltr'><strong>captus</strong></span> <span class='ocrx_word' id='word_1_248' title='bbox 1789 1394 2024 1445; x_wconf 76' lang='lat' dir='ltr'><strong>praeiudicio</strong></span> <span class='ocrx_word' id='word_1_249' title='bbox 2052 1404 2172 1432; x_wconf 86' lang='lat' dir='ltr'><strong>unam</strong></span> <span class='ocrx_word' id='word_1_250' title='bbox 2198 1403 2332 1431; x_wconf 90' lang='lat' dir='ltr'><strong>rerum</strong></span> <span class='ocrx_word' id='word_1_251' title='bbox 2360 1401 2422 1431; x_wconf 90' lang='lat' dir='ltr'><strong>ra-</strong></span> 
     </span>
     <span class='ocr_line' id='line_1_19' title="bbox 171 1454 2424 1505; baseline -0.001 -8"><span class='ocrx_word' id='word_1_252' title='bbox 171 1457 317 1497; x_wconf 85' lang='lat' dir='ltr'><strong>tionem</strong></span> <span class='ocrx_word' id='word_1_253' title='bbox 343 1457 499 1495; x_wconf 90' lang='lat' dir='ltr'><strong>secutus</strong></span> <span class='ocrx_word' id='word_1_254' title='bbox 525 1457 594 1495; x_wconf 90' lang='lat' dir='ltr'><strong>est.</strong></span> <span class='ocrx_word' id='word_1_255' title='bbox 650 1454 734 1494; x_wconf 88' lang='lat' dir='ltr'><strong>Tali</strong></span> <span class='ocrx_word' id='word_1_256' title='bbox 756 1465 877 1494; x_wconf 86' lang='lat' dir='ltr'><strong>sensu</strong></span> <span class='ocrx_word' id='word_1_257' title='bbox 905 1457 1123 1494; x_wconf 89' lang='lat' dir='ltr'><strong>commotus</strong></span> <span class='ocrx_word' id='word_1_258' title='bbox 1150 1455 1298 1495; x_wconf 88' lang='lat' dir='ltr'><strong>Stoicos</strong></span> <span class='ocrx_word' id='word_1_259' title='bbox 1326 1459 1365 1495; x_wconf 86' lang='lat' dir='ltr'><strong>et</strong></span> <span class='ocrx_word' id='word_1_260' title='bbox 1391 1455 1577 1496; x_wconf 87' lang='lat' dir='ltr'><strong>Catonem</strong></span> <span class='ocrx_word' id='word_1_261' title='bbox 1604 1457 1644 1496; x_wconf 91' lang='lat' dir='ltr'><strong>in</strong></span> <span class='ocrx_word' id='word_1_262' title='bbox 1670 1457 1845 1497; x_wconf 87' lang='lat' dir='ltr'><strong>oratione</strong></span> <span class='ocrx_word' id='word_1_263' title='bbox 1870 1459 2005 1496; x_wconf 89' lang='lat' dir='ltr'><strong>nostra</strong></span> <span class='ocrx_word' id='word_1_264' title='bbox 2030 1455 2276 1505; x_wconf 85' lang='lat' dir='ltr'><strong>vituperavit,</strong></span> <span class='ocrx_word' id='word_1_265' title='bbox 2304 1457 2424 1504; x_wconf 89' lang='lat' dir='ltr'><strong>atque</strong></span> 
     </span>
     <span class='ocr_line' id='line_1_20' title="bbox 174 1518 2422 1570; baseline -0 -13"><span class='ocrx_word' id='word_1_266' title='bbox 174 1521 330 1560; x_wconf 85' lang='lat' dir='ltr'><strong>omnino</strong></span> <span class='ocrx_word' id='word_1_267' title='bbox 356 1519 579 1559; x_wconf 85' lang='lat' dir='ltr'><strong>Stoicorum</strong></span> <span class='ocrx_word' id='word_1_268' title='bbox 604 1520 797 1558; x_wconf 89' lang='lat' dir='ltr'><strong>rationem</strong></span> <span class='ocrx_word' id='word_1_269' title='bbox 833 1520 950 1557; x_wconf 85' lang='lat' dir='ltr'><strong>etiam</strong></span> <span class='ocrx_word' id='word_1_270' title='bbox 986 1528 1073 1557; x_wconf 87' lang='lat' dir='ltr'><strong>eam</strong></span> <span class='ocrx_word' id='word_1_271' title='bbox 1108 1519 1158 1558; x_wconf 93' lang='lat' dir='ltr'><strong>ob</strong></span> <span class='ocrx_word' id='word_1_272' title='bbox 1193 1529 1349 1558; x_wconf 90' lang='lat' dir='ltr'><strong>causam</strong></span> <span class='ocrx_word' id='word_1_273' title='bbox 1375 1521 1511 1570; x_wconf 92' lang='lat' dir='ltr'><strong>procul</strong></span> <span class='ocrx_word' id='word_1_274' title='bbox 1544 1531 1569 1559; x_wconf 90' lang='lat' dir='ltr'><strong>a</strong></span> <span class='ocrx_word' id='word_1_275' title='bbox 1601 1531 1643 1560; x_wconf 91' lang='lat' dir='ltr'><strong>se</strong></span> <span class='ocrx_word' id='word_1_276' title='bbox 1673 1520 1821 1566; x_wconf 89' lang='lat' dir='ltr'><strong>habuit,</strong></span> <span class='ocrx_word' id='word_1_277' title='bbox 1854 1520 1946 1569; x_wconf 88' lang='lat' dir='ltr'><strong>quia</strong></span> <span class='ocrx_word' id='word_1_278' title='bbox 1980 1529 2068 1558; x_wconf 90' lang='lat' dir='ltr'><strong>eam</strong></span> <span class='ocrx_word' id='word_1_279' title='bbox 2095 1518 2241 1556; x_wconf 84' lang='lat' dir='ltr'><strong>oratori</strong></span> <span class='ocrx_word' id='word_1_280' title='bbox 2265 1518 2422 1557; x_wconf 89' lang='lat' dir='ltr'><strong>minime</strong></span> 
     </span>
     <span class='ocr_line' id='line_1_21' title="bbox 173 1581 2423 1635; baseline -0.002 -11"><span class='ocrx_word' id='word_1_281' title='bbox 173 1585 304 1635; x_wconf 81' lang='lat' dir='ltr'><strong>aptam</strong></span> <span class='ocrx_word' id='word_1_282' title='bbox 323 1594 407 1623; x_wconf 89' lang='lat' dir='ltr'><strong>esse</strong></span> <span class='ocrx_word' id='word_1_283' title='bbox 421 1582 633 1633; x_wconf 70' lang='lat' dir='ltr'><strong>iudicabat.</strong></span> <span class='ocrx_word' id='word_1_284' title='bbox 686 1582 828 1621; x_wconf 89' lang='lat' dir='ltr'><strong>Postea</strong></span> <span class='ocrx_word' id='word_1_285' title='bbox 846 1583 1047 1621; x_wconf 86' lang='lat' dir='ltr'><strong>severitate</strong></span> <span class='ocrx_word' id='word_1_286' title='bbox 1075 1584 1296 1632; x_wconf 90' lang='lat' dir='ltr'><strong>temporum</strong></span> <span class='ocrx_word' id='word_1_287' title='bbox 1322 1582 1542 1622; x_wconf 89' lang='lat' dir='ltr'><strong>admonitus</strong></span> <span class='ocrx_word' id='word_1_288' title='bbox 1570 1582 1699 1621; x_wconf 86' lang='lat' dir='ltr'><strong>mitius</strong></span> <span class='ocrx_word' id='word_1_289' title='bbox 1726 1581 1774 1621; x_wconf 92' lang='lat' dir='ltr'><strong>de</strong></span> <span class='ocrx_word' id='word_1_290' title='bbox 1791 1582 1862 1621; x_wconf 90' lang='lat' dir='ltr'><strong>illis</strong></span> <span class='ocrx_word' id='word_1_291' title='bbox 1889 1582 2030 1621; x_wconf 88' lang='lat' dir='ltr'><strong>sentire</strong></span> <span class='ocrx_word' id='word_1_292' title='bbox 2049 1581 2174 1632; x_wconf 89' lang='lat' dir='ltr'><strong>coepit</strong></span> <span class='ocrx_word' id='word_1_293' title='bbox 2198 1591 2344 1630; x_wconf 84' lang='lat' dir='ltr'><strong>eosque</strong></span> <span class='ocrx_word' id='word_1_294' title='bbox 2362 1589 2423 1619; x_wconf 85' lang='lat' dir='ltr'><strong>sa·</strong></span> 
     </span>
     <span class='ocr_line' id='line_1_22' title="bbox 174 1645 2424 1695; baseline -0.001 -10"><span class='ocrx_word' id='word_1_295' title='bbox 174 1648 219 1686; x_wconf 84' lang='lat' dir='ltr'><strong>tis</strong></span> <span class='ocrx_word' id='word_1_296' title='bbox 243 1647 463 1686; x_wconf 85' lang='lat' dir='ltr'><strong>honorifice</strong></span> <span class='ocrx_word' id='word_1_297' title='bbox 488 1647 632 1684; x_wconf 84' lang='lat' dir='ltr'><strong>tractat</strong></span> <span class='ocrx_word' id='word_1_298' title='bbox 660 1645 698 1684; x_wconf 92' lang='lat' dir='ltr'><strong>in</strong></span> <span class='ocrx_word' id='word_1_299' title='bbox 724 1645 843 1691; x_wconf 91' lang='lat' dir='ltr'><strong>libris,</strong></span> <span class='ocrx_word' id='word_1_300' title='bbox 871 1656 970 1694; x_wconf 90' lang='lat' dir='ltr'><strong>quos</strong></span> <span class='ocrx_word' id='word_1_301' title='bbox 994 1646 1042 1684; x_wconf 89' lang='lat' dir='ltr'><strong>de</strong></span> <span class='ocrx_word' id='word_1_302' title='bbox 1061 1646 1202 1683; x_wconf 84' lang='lat' dir='ltr'><strong>finibus</strong></span> <span class='ocrx_word' id='word_1_303' title='bbox 1229 1645 1422 1684; x_wconf 90' lang='lat' dir='ltr'><strong>bonorum</strong></span> <span class='ocrx_word' id='word_1_304' title='bbox 1449 1648 1488 1684; x_wconf 88' lang='lat' dir='ltr'><strong>et</strong></span> <span class='ocrx_word' id='word_1_305' title='bbox 1514 1645 1706 1684; x_wconf 89' lang='lat' dir='ltr'><strong>malorum</strong></span> <span class='ocrx_word' id='word_1_306' title='bbox 1730 1645 1890 1695; x_wconf 83' lang='lat' dir='ltr'><strong>scripsit,</strong></span> <span class='ocrx_word' id='word_1_307' title='bbox 1916 1655 2043 1694; x_wconf 90' lang='lat' dir='ltr'><strong>neque</strong></span> <span class='ocrx_word' id='word_1_308' title='bbox 2069 1647 2201 1683; x_wconf 88' lang='lat' dir='ltr'><strong>tamen</strong></span> <span class='ocrx_word' id='word_1_309' title='bbox 2218 1645 2264 1682; x_wconf 89' lang='lat' dir='ltr'><strong>iis</strong></span> <span class='ocrx_word' id='word_1_310' title='bbox 2294 1653 2424 1682; x_wconf 87' lang='lat' dir='ltr'><strong>assen-</strong></span> 
     </span>
     <span class='ocr_line' id='line_1_23' title="bbox 173 1705 2424 1759; baseline -0.002 -10"><span class='ocrx_word' id='word_1_311' title='bbox 173 1720 238 1749; x_wconf 87' lang='lat' dir='ltr'><strong>sus</strong></span> <span class='ocrx_word' id='word_1_312' title='bbox 264 1713 346 1755; x_wconf 89' lang='lat' dir='ltr'><strong>est;</strong></span> <span class='ocrx_word' id='word_1_313' title='bbox 388 1708 624 1748; x_wconf 77' lang='lat' dir='ltr'><strong>Academiae</strong></span> <span class='ocrx_word' id='word_1_314' title='bbox 650 1708 780 1758; x_wconf 88' lang='lat' dir='ltr'><strong>potius</strong></span> <span class='ocrx_word' id='word_1_315' title='bbox 808 1710 926 1756; x_wconf 89' lang='lat' dir='ltr'><strong>atque</strong></span> <span class='ocrx_word' id='word_1_316' title='bbox 952 1707 1231 1757; x_wconf 89' lang='lat' dir='ltr'><strong>Peripateticae</strong></span> <span class='ocrx_word' id='word_1_317' title='bbox 1258 1708 1475 1759; x_wconf 90' lang='lat' dir='ltr'><strong>disciplinae</strong></span> <span class='ocrx_word' id='word_1_318' title='bbox 1502 1708 1642 1747; x_wconf 87' lang='lat' dir='ltr'><strong>mansit</strong></span> <span class='ocrx_word' id='word_1_319' title='bbox 1668 1710 1846 1747; x_wconf 84' lang='lat' dir='ltr'><strong>sectator.</strong></span> <span class='ocrx_word' id='word_1_320' title='bbox 1900 1706 2129 1757; x_wconf 86' lang='lat' dir='ltr'><strong>Saepissime</strong></span> <span class='ocrx_word' id='word_1_321' title='bbox 2154 1707 2282 1757; x_wconf 78' lang='lat' dir='ltr'><strong>igitur,</strong></span> <span class='ocrx_word' id='word_1_322' title='bbox 2316 1708 2361 1745; x_wconf 90' lang='lat' dir='ltr'><strong>ut</strong></span> <span class='ocrx_word' id='word_1_323' title='bbox 2385 1705 2424 1745; x_wconf 90' lang='lat' dir='ltr'><strong>in</strong></span> 
     </span>
     <span class='ocr_line' id='line_1_24' title="bbox 175 1769 2424 1823; baseline -0.003 -10"><span class='ocrx_word' id='word_1_324' title='bbox 175 1773 468 1823; x_wconf 85' lang='lat' dir='ltr'><strong>quaestionibus</strong></span> <span class='ocrx_word' id='word_1_325' title='bbox 494 1770 738 1811; x_wconf 84' lang='lat' dir='ltr'><strong>Academicis</strong></span> <span class='ocrx_word' id='word_1_326' title='bbox 774 1772 892 1820; x_wconf 86' lang='lat' dir='ltr'><strong>atque</strong></span> <span class='ocrx_word' id='word_1_327' title='bbox 927 1770 967 1809; x_wconf 91' lang='lat' dir='ltr'><strong>in</strong></span> <span class='ocrx_word' id='word_1_328' title='bbox 1000 1770 1240 1821; x_wconf 80' lang='lat' dir='ltr'><strong>praefatione</strong></span> <span class='ocrx_word' id='word_1_329' title='bbox 1268 1772 1373 1812; x_wconf 89' lang='lat' dir='ltr'><strong>libris</strong></span> <span class='ocrx_word' id='word_1_330' title='bbox 1408 1771 1455 1811; x_wconf 92' lang='lat' dir='ltr'><strong>de</strong></span> <span class='ocrx_word' id='word_1_331' title='bbox 1482 1772 1621 1810; x_wconf 88' lang='lat' dir='ltr'><strong>natura</strong></span> <span class='ocrx_word' id='word_1_332' title='bbox 1646 1769 1820 1810; x_wconf 89' lang='lat' dir='ltr'><strong>Deorum</strong></span> <span class='ocrx_word' id='word_1_333' title='bbox 1847 1770 2058 1821; x_wconf 89' lang='lat' dir='ltr'><strong>praemissa</strong></span> <span class='ocrx_word' id='word_1_334' title='bbox 2086 1780 2172 1808; x_wconf 88' lang='lat' dir='ltr'><strong>eam</strong></span> <span class='ocrx_word' id='word_1_335' title='bbox 2197 1770 2311 1820; x_wconf 84' lang='lat' dir='ltr'><strong>urget</strong></span> <span class='ocrx_word' id='word_1_336' title='bbox 2336 1779 2424 1808; x_wconf 81' lang='lat' dir='ltr'><strong>sen-</strong></span> 
     </span>
     <span class='ocr_line' id='line_1_25' title="bbox 173 1831 2422 1885; baseline -0.002 -10"><span class='ocrx_word' id='word_1_337' title='bbox 173 1836 347 1882; x_wconf 82' lang='lat' dir='ltr'><strong>tentiam,</strong></span> <span class='ocrx_word' id='word_1_338' title='bbox 391 1845 470 1885; x_wconf 89' lang='lat' dir='ltr'><strong>qua</strong></span> <span class='ocrx_word' id='word_1_339' title='bbox 503 1833 760 1872; x_wconf 89' lang='lat' dir='ltr'><strong>dubitandum</strong></span> <span class='ocrx_word' id='word_1_340' title='bbox 796 1844 880 1871; x_wconf 87' lang='lat' dir='ltr'><strong>esse</strong></span> <span class='ocrx_word' id='word_1_341' title='bbox 914 1834 954 1870; x_wconf 91' lang='lat' dir='ltr'><strong>in</strong></span> <span class='ocrx_word' id='word_1_342' title='bbox 989 1834 1168 1872; x_wconf 86' lang='lat' dir='ltr'><strong>omnibus</strong></span> <span class='ocrx_word' id='word_1_343' title='bbox 1203 1835 1320 1872; x_wconf 90' lang='lat' dir='ltr'><strong>rebus</strong></span> <span class='ocrx_word' id='word_1_344' title='bbox 1355 1838 1393 1873; x_wconf 92' lang='lat' dir='ltr'><strong>et</strong></span> <span class='ocrx_word' id='word_1_345' title='bbox 1427 1833 1682 1872; x_wconf 85' lang='lat' dir='ltr'><strong>cohibendam</strong></span> <span class='ocrx_word' id='word_1_346' title='bbox 1708 1834 1969 1872; x_wconf 87' lang='lat' dir='ltr'><strong>assensionem</strong></span> <span class='ocrx_word' id='word_1_347' title='bbox 1994 1834 2243 1883; x_wconf 83' lang='lat' dir='ltr'><strong>praecipitur,</strong></span> <span class='ocrx_word' id='word_1_348' title='bbox 2284 1831 2422 1870; x_wconf 82' lang='lat' dir='ltr'><strong>deinde</strong></span> 
     </span>
     <span class='ocr_line' id='line_1_26' title="bbox 176 1895 2419 1946; baseline -0.001 -10"><span class='ocrx_word' id='word_1_349' title='bbox 176 1898 355 1936; x_wconf 87' lang='lat' dir='ltr'><strong>omnibus</strong></span> <span class='ocrx_word' id='word_1_350' title='bbox 389 1898 488 1935; x_wconf 88' lang='lat' dir='ltr'><strong>veris</strong></span> <span class='ocrx_word' id='word_1_351' title='bbox 524 1896 767 1945; x_wconf 86' lang='lat' dir='ltr'><strong>opinionibus</strong></span> <span class='ocrx_word' id='word_1_352' title='bbox 802 1896 1002 1934; x_wconf 90' lang='lat' dir='ltr'><strong>hominum</strong></span> <span class='ocrx_word' id='word_1_353' title='bbox 1038 1896 1182 1944; x_wconf 90' lang='lat' dir='ltr'><strong>aliquid</strong></span> <span class='ocrx_word' id='word_1_354' title='bbox 1215 1897 1298 1936; x_wconf 82' lang='lat' dir='ltr'><strong>salsi</strong></span> <span class='ocrx_word' id='word_1_355' title='bbox 1333 1901 1449 1946; x_wconf 88' lang='lat' dir='ltr'><strong>atque</strong></span> <span class='ocrx_word' id='word_1_356' title='bbox 1475 1897 1652 1935; x_wconf 86' lang='lat' dir='ltr'><strong>omnibus</strong></span> <span class='ocrx_word' id='word_1_357' title='bbox 1679 1895 1781 1935; x_wconf 78' lang='lat' dir='ltr'><strong>falsis</strong></span> <span class='ocrx_word' id='word_1_358' title='bbox 1808 1896 1952 1946; x_wconf 88' lang='lat' dir='ltr'><strong>aliquid</strong></span> <span class='ocrx_word' id='word_1_359' title='bbox 1977 1897 2056 1936; x_wconf 85' lang='lat' dir='ltr'><strong>veri</strong></span> <span class='ocrx_word' id='word_1_360' title='bbox 2083 1896 2298 1935; x_wconf 85' lang='lat' dir='ltr'><strong>admixtum</strong></span> <span class='ocrx_word' id='word_1_361' title='bbox 2325 1905 2419 1934; x_wconf 81' lang='lat' dir='ltr'><strong>esse.</strong></span> 
     </span>
     <span class='ocr_line' id='line_1_27' title="bbox 175 1956 2419 2011; baseline -0.001 -12"><span class='ocrx_word' id='word_1_362' title='bbox 175 1959 354 2010; x_wconf 88' lang='lat' dir='ltr'><strong>Denique</strong></span> <span class='ocrx_word' id='word_1_363' title='bbox 390 1970 511 2009; x_wconf 89' lang='lat' dir='ltr'><strong>quum</strong></span> <span class='ocrx_word' id='word_1_364' title='bbox 537 1962 714 2009; x_wconf 88' lang='lat' dir='ltr'><strong>tempora</strong></span> <span class='ocrx_word' id='word_1_365' title='bbox 747 1958 804 1997; x_wconf 90' lang='lat' dir='ltr'><strong>vel</strong></span> <span class='ocrx_word' id='word_1_366' title='bbox 838 1959 958 2008; x_wconf 83' lang='lat' dir='ltr'><strong>magis</strong></span> <span class='ocrx_word' id='word_1_367' title='bbox 985 1959 1291 2009; x_wconf 82' lang='lat' dir='ltr'><strong>ingravescerent</strong></span> <span class='ocrx_word' id='word_1_368' title='bbox 1317 1963 1356 1999; x_wconf 88' lang='lat' dir='ltr'><strong>et</strong></span> <span class='ocrx_word' id='word_1_369' title='bbox 1382 1960 1541 2011; x_wconf 88' lang='lat' dir='ltr'><strong>pristina</strong></span> <span class='ocrx_word' id='word_1_370' title='bbox 1566 1958 1782 2010; x_wconf 81' lang='lat' dir='ltr'><strong>respublica</strong></span> <span class='ocrx_word' id='word_1_371' title='bbox 1814 1959 1854 1998; x_wconf 89' lang='lat' dir='ltr'><strong>in</strong></span> <span class='ocrx_word' id='word_1_372' title='bbox 1881 1961 2099 1998; x_wconf 86' lang='lat' dir='ltr'><strong>extremum</strong></span> <span class='ocrx_word' id='word_1_373' title='bbox 2126 1957 2332 1997; x_wconf 90' lang='lat' dir='ltr'><strong>discrimen</strong></span> <span class='ocrx_word' id='word_1_374' title='bbox 2351 1956 2419 1997; x_wconf 91' lang='lat' dir='ltr'><strong>ad-</strong></span> 
     </span>
     <span class='ocr_line' id='line_1_28' title="bbox 175 2020 2418 2072; baseline -0.001 -10"><span class='ocrx_word' id='word_1_375' title='bbox 175 2023 335 2062; x_wconf 81' lang='lat' dir='ltr'><strong>ductum</strong></span> <span class='ocrx_word' id='word_1_376' title='bbox 355 2026 466 2068; x_wconf 86' lang='lat' dir='ltr'><strong>esset,</strong></span> <span class='ocrx_word' id='word_1_377' title='bbox 494 2026 537 2060; x_wconf 92' lang='lat' dir='ltr'><strong>ut</strong></span> <span class='ocrx_word' id='word_1_378' title='bbox 557 2022 736 2060; x_wconf 90' lang='lat' dir='ltr'><strong>solatium</strong></span> <span class='ocrx_word' id='word_1_379' title='bbox 763 2022 802 2058; x_wconf 90' lang='lat' dir='ltr'><strong>in</strong></span> <span class='ocrx_word' id='word_1_380' title='bbox 821 2021 962 2059; x_wconf 82' lang='lat' dir='ltr'><strong>afflicto</strong></span> <span class='ocrx_word' id='word_1_381' title='bbox 982 2022 1215 2071; x_wconf 88' lang='lat' dir='ltr'><strong>reipublicae</strong></span> <span class='ocrx_word' id='word_1_382' title='bbox 1241 2026 1343 2061; x_wconf 91' lang='lat' dir='ltr'><strong>statu</strong></span> <span class='ocrx_word' id='word_1_383' title='bbox 1370 2024 1569 2069; x_wconf 89' lang='lat' dir='ltr'><strong>inveniret,</strong></span> <span class='ocrx_word' id='word_1_384' title='bbox 1597 2023 1863 2072; x_wconf 88' lang='lat' dir='ltr'><strong>desperatione</strong></span> <span class='ocrx_word' id='word_1_385' title='bbox 1884 2023 2053 2070; x_wconf 91' lang='lat' dir='ltr'><strong>quadam</strong></span> <span class='ocrx_word' id='word_1_386' title='bbox 2076 2021 2293 2060; x_wconf 87' lang='lat' dir='ltr'><strong>communis</strong></span> <span class='ocrx_word' id='word_1_387' title='bbox 2314 2020 2418 2060; x_wconf 81' lang='lat' dir='ltr'><strong>salu·</strong></span> 
     </span>
     <span class='ocr_line' id='line_1_29' title="bbox 173 2081 2419 2135; baseline -0.001 -10"><span class='ocrx_word' id='word_1_388' title='bbox 173 2086 222 2125; x_wconf 75' lang='lat' dir='ltr'><strong>tis</strong></span> <span class='ocrx_word' id='word_1_389' title='bbox 254 2085 395 2125; x_wconf 91' lang='lat' dir='ltr'><strong>ductus</strong></span> <span class='ocrx_word' id='word_1_390' title='bbox 424 2085 506 2135; x_wconf 87' lang='lat' dir='ltr'><strong>jam</strong></span> <span class='ocrx_word' id='word_1_391' title='bbox 540 2086 623 2124; x_wconf 91' lang='lat' dir='ltr'><strong>toto</strong></span> <span class='ocrx_word' id='word_1_392' title='bbox 651 2084 781 2123; x_wconf 86' lang='lat' dir='ltr'><strong>animo</strong></span> <span class='ocrx_word' id='word_1_393' title='bbox 809 2084 1008 2134; x_wconf 86' lang='lat' dir='ltr'><strong>amplexus</strong></span> <span class='ocrx_word' id='word_1_394' title='bbox 1038 2087 1096 2123; x_wconf 87' lang='lat' dir='ltr'><strong>est</strong></span> <span class='ocrx_word' id='word_1_395' title='bbox 1123 2084 1292 2125; x_wconf 89' lang='lat' dir='ltr'><strong>Stoicam</strong></span> <span class='ocrx_word' id='word_1_396' title='bbox 1320 2086 1533 2126; x_wconf 88' lang='lat' dir='ltr'><strong>doctrinam</strong></span> <span class='ocrx_word' id='word_1_397' title='bbox 1560 2088 1677 2135; x_wconf 89' lang='lat' dir='ltr'><strong>atque</strong></span> <span class='ocrx_word' id='word_1_398' title='bbox 1704 2084 1903 2124; x_wconf 87' lang='lat' dir='ltr'><strong>absolutus</strong></span> <span class='ocrx_word' id='word_1_399' title='bbox 1930 2084 2054 2124; x_wconf 83' lang='lat' dir='ltr'><strong>factus</strong></span> <span class='ocrx_word' id='word_1_400' title='bbox 2081 2086 2140 2124; x_wconf 91' lang='lat' dir='ltr'><strong>est</strong></span> <span class='ocrx_word' id='word_1_401' title='bbox 2166 2083 2323 2124; x_wconf 84' lang='lat' dir='ltr'><strong>Catonis</strong></span> <span class='ocrx_word' id='word_1_402' title='bbox 2349 2081 2419 2122; x_wconf 85' lang='lat' dir='ltr'><strong>ad-</strong></span> 
     </span>
     <span class='ocr_line' id='line_1_30' title="bbox 173 2145 2416 2201; baseline -0.002 -13"><span class='ocrx_word' id='word_1_403' title='bbox 173 2149 345 2188; x_wconf 85' lang='lat' dir='ltr'><strong>mirator.</strong></span> <span class='ocrx_word' id='word_1_404' title='bbox 400 2149 509 2188; x_wconf 87' lang='lat' dir='ltr'><strong>Hanc</strong></span> <span class='ocrx_word' id='word_1_405' title='bbox 527 2149 566 2188; x_wconf 90' lang='lat' dir='ltr'><strong>in</strong></span> <span class='ocrx_word' id='word_1_406' title='bbox 584 2150 735 2199; x_wconf 88' lang='lat' dir='ltr'><strong>partem</strong></span> <span class='ocrx_word' id='word_1_407' title='bbox 754 2158 801 2187; x_wconf 87' lang='lat' dir='ltr'><strong>ea</strong></span> <span class='ocrx_word' id='word_1_408' title='bbox 819 2148 987 2199; x_wconf 87' lang='lat' dir='ltr'><strong>scripsit,</strong></span> <span class='ocrx_word' id='word_1_409' title='bbox 1015 2158 1116 2197; x_wconf 87' lang='lat' dir='ltr'><strong>quae</strong></span> <span class='ocrx_word' id='word_1_410' title='bbox 1142 2148 1180 2186; x_wconf 93' lang='lat' dir='ltr'><strong>in</strong></span> <span class='ocrx_word' id='word_1_411' title='bbox 1206 2149 1412 2199; x_wconf 81' lang='lat' dir='ltr'><strong>paradoxis</strong></span> <span class='ocrx_word' id='word_1_412' title='bbox 1438 2153 1555 2201; x_wconf 88' lang='lat' dir='ltr'><strong>atque</strong></span> <span class='ocrx_word' id='word_1_413' title='bbox 1583 2150 1620 2188; x_wconf 93' lang='lat' dir='ltr'><strong>in</strong></span> <span class='ocrx_word' id='word_1_414' title='bbox 1649 2147 1874 2187; x_wconf 89' lang='lat' dir='ltr'><strong>Tusculanis</strong></span> <span class='ocrx_word' id='word_1_415' title='bbox 1901 2158 1924 2187; x_wconf 93' lang='lat' dir='ltr'><strong>e</strong></span> <span class='ocrx_word' id='word_1_416' title='bbox 1943 2149 2071 2186; x_wconf 88' lang='lat' dir='ltr'><strong>mente</strong></span> <span class='ocrx_word' id='word_1_417' title='bbox 2091 2146 2311 2186; x_wconf 90' lang='lat' dir='ltr'><strong>Stoicorum</strong></span> <span class='ocrx_word' id='word_1_418' title='bbox 2338 2145 2416 2184; x_wconf 86' lang='lat' dir='ltr'><strong>dis-</strong></span> 
     </span>
     <span class='ocr_line' id='line_1_31' title="bbox 170 2211 2419 2262; baseline 0 -12"><span class='ocrx_word' id='word_1_419' title='bbox 170 2214 306 2262; x_wconf 84' lang='lat' dir='ltr'><strong>putata</strong></span> <span class='ocrx_word' id='word_1_420' title='bbox 333 2215 441 2257; x_wconf 92' lang='lat' dir='ltr'><strong>sunt,</strong></span> <span class='ocrx_word' id='word_1_421' title='bbox 474 2212 589 2262; x_wconf 92' lang='lat' dir='ltr'><strong>plane</strong></span> <span class='ocrx_word' id='word_1_422' title='bbox 616 2211 758 2249; x_wconf 90' lang='lat' dir='ltr'><strong>oblitus</strong></span> <span class='ocrx_word' id='word_1_423' title='bbox 784 2211 967 2260; x_wconf 87' lang='lat' dir='ltr'><strong>pristinae</strong></span> <span class='ocrx_word' id='word_1_424' title='bbox 1002 2211 1100 2249; x_wconf 92' lang='lat' dir='ltr'><strong>illius</strong></span> <span class='ocrx_word' id='word_1_425' title='bbox 1128 2213 1426 2260; x_wconf 88' lang='lat' dir='ltr'><strong>aequabilitatis,</strong></span> <span class='ocrx_word' id='word_1_426' title='bbox 1462 2224 1540 2262; x_wconf 89' lang='lat' dir='ltr'><strong>qua</strong></span> <span class='ocrx_word' id='word_1_427' title='bbox 1567 2213 1714 2251; x_wconf 90' lang='lat' dir='ltr'><strong>alienus</strong></span> <span class='ocrx_word' id='word_1_428' title='bbox 1740 2212 1789 2250; x_wconf 89' lang='lat' dir='ltr'><strong>ab</strong></span> <span class='ocrx_word' id='word_1_429' title='bbox 1817 2213 1922 2251; x_wconf 92' lang='lat' dir='ltr'><strong>omni</strong></span> <span class='ocrx_word' id='word_1_430' title='bbox 1948 2213 2141 2250; x_wconf 85' lang='lat' dir='ltr'><strong>sectarum</strong></span> <span class='ocrx_word' id='word_1_431' title='bbox 2167 2211 2294 2250; x_wconf 88' lang='lat' dir='ltr'><strong>studio</strong></span> <span class='ocrx_word' id='word_1_432' title='bbox 2320 2211 2419 2250; x_wconf 87' lang='lat' dir='ltr'><strong>veri·</strong></span> 
     </span>
     <span class='ocr_line' id='line_1_32' title="bbox 172 2274 848 2327; baseline -0.004 -12"><span class='ocrx_word' id='word_1_433' title='bbox 172 2277 238 2315; x_wconf 85' lang='lat' dir='ltr'><strong>tati</strong></span> <span class='ocrx_word' id='word_1_434' title='bbox 265 2276 336 2327; x_wconf 90' lang='lat' dir='ltr'><strong>ipsi</strong></span> <span class='ocrx_word' id='word_1_435' title='bbox 363 2286 534 2324; x_wconf 88' lang='lat' dir='ltr'><strong>aequum</strong></span> <span class='ocrx_word' id='word_1_436' title='bbox 556 2275 621 2324; x_wconf 85' lang='lat' dir='ltr'><strong>jus</strong></span> <span class='ocrx_word' id='word_1_437' title='bbox 648 2274 848 2313; x_wconf 86' lang='lat' dir='ltr'><strong>tribuerat.</strong></span> 
     </span>
    </p>

    <p class='ocr_par' dir='ltr' id='par_1_2' title="bbox 167 2335 2416 3022">
     <span class='ocr_line' id='line_1_33' title="bbox 354 2335 2416 2388; baseline -0.002 -10"><span class='ocrx_word' id='word_1_438' title='bbox 354 2338 530 2378; x_wconf 88' lang='lat' dir='ltr'><strong>Primum</strong></span> <span class='ocrx_word' id='word_1_439' title='bbox 566 2338 684 2388; x_wconf 83' lang='lat' dir='ltr'><strong>igitur</strong></span> <span class='ocrx_word' id='word_1_440' title='bbox 707 2336 961 2377; x_wconf 85' lang='lat' dir='ltr'><strong>Academicos</strong></span> <span class='ocrx_word' id='word_1_441' title='bbox 996 2339 1114 2385; x_wconf 89' lang='lat' dir='ltr'><strong>atque</strong></span> <span class='ocrx_word' id='word_1_442' title='bbox 1141 2336 1417 2387; x_wconf 87' lang='lat' dir='ltr'><strong>Peripateticos</strong></span> <span class='ocrx_word' id='word_1_443' title='bbox 1451 2337 1567 2375; x_wconf 87' lang='lat' dir='ltr'><strong>etiam</strong></span> <span class='ocrx_word' id='word_1_444' title='bbox 1603 2337 1642 2375; x_wconf 92' lang='lat' dir='ltr'><strong>in</strong></span> <span class='ocrx_word' id='word_1_445' title='bbox 1669 2338 1714 2375; x_wconf 93' lang='lat' dir='ltr'><strong>iis</strong></span> <span class='ocrx_word' id='word_1_446' title='bbox 1751 2340 1904 2376; x_wconf 90' lang='lat' dir='ltr'><strong>secutus</strong></span> <span class='ocrx_word' id='word_1_447' title='bbox 1932 2340 2009 2384; x_wconf 91' lang='lat' dir='ltr'><strong>est,</strong></span> <span class='ocrx_word' id='word_1_448' title='bbox 2041 2347 2142 2387; x_wconf 87' lang='lat' dir='ltr'><strong>quae</strong></span> <span class='ocrx_word' id='word_1_449' title='bbox 2168 2335 2219 2374; x_wconf 90' lang='lat' dir='ltr'><strong>ad</strong></span> <span class='ocrx_word' id='word_1_450' title='bbox 2245 2345 2416 2374; x_wconf 91' lang='lat' dir='ltr'><strong>commo-</strong></span> 
     </span>
     <span class='ocr_line' id='line_1_34' title="bbox 171 2399 2416 2450; baseline -0.001 -10"><span class='ocrx_word' id='word_1_451' title='bbox 171 2403 292 2440; x_wconf 86' lang='lat' dir='ltr'><strong>tiones</strong></span> <span class='ocrx_word' id='word_1_452' title='bbox 320 2403 436 2440; x_wconf 91' lang='lat' dir='ltr'><strong>animi</strong></span> <span class='ocrx_word' id='word_1_453' title='bbox 462 2401 668 2450; x_wconf 86' lang='lat' dir='ltr'><strong>pertinent.</strong></span> <span class='ocrx_word' id='word_1_454' title='bbox 724 2400 825 2438; x_wconf 91' lang='lat' dir='ltr'><strong>Tum</strong></span> <span class='ocrx_word' id='word_1_455' title='bbox 853 2400 1014 2438; x_wconf 88' lang='lat' dir='ltr'><strong>ducibus</strong></span> <span class='ocrx_word' id='word_1_456' title='bbox 1040 2399 1099 2437; x_wconf 91' lang='lat' dir='ltr'><strong>his</strong></span> <span class='ocrx_word' id='word_1_457' title='bbox 1127 2399 1362 2438; x_wconf 88' lang='lat' dir='ltr'><strong>necessarias</strong></span> <span class='ocrx_word' id='word_1_458' title='bbox 1390 2410 1455 2437; x_wconf 89' lang='lat' dir='ltr'><strong>cas</strong></span> <span class='ocrx_word' id='word_1_459' title='bbox 1483 2399 1593 2438; x_wconf 88' lang='lat' dir='ltr'><strong>duxit</strong></span> <span class='ocrx_word' id='word_1_460' title='bbox 1619 2403 1738 2450; x_wconf 88' lang='lat' dir='ltr'><strong>atque</strong></span> <span class='ocrx_word' id='word_1_461' title='bbox 1764 2401 1887 2440; x_wconf 66' lang='lat' dir='ltr'><strong>utiles.</strong></span> <span class='ocrx_word' id='word_1_462' title='bbox 1938 2401 1983 2440; x_wconf 92' lang='lat' dir='ltr'><strong>In</strong></span> <span class='ocrx_word' id='word_1_463' title='bbox 2010 2399 2299 2449; x_wconf 65' lang='lat' dir='ltr'><strong>quaestionibus</strong></span> <span class='ocrx_word' id='word_1_464' title='bbox 2314 2400 2416 2437; x_wconf 81' lang='lat' dir='ltr'><strong>Aca-</strong></span> 
     </span>
     <span class='ocr_line' id='line_1_35' title="bbox 170 2457 2416 2515; baseline -0.002 -12"><span class='ocrx_word' id='word_1_465' title='bbox 170 2464 325 2504; x_wconf 90' lang='lat' dir='ltr'><strong>demicis</strong></span> <span class='ocrx_word' id='word_1_466' title='bbox 357 2464 551 2514; x_wconf 89' lang='lat' dir='ltr'><strong>prioribus</strong></span> <span class='ocrx_word' id='word_1_467' title='bbox 584 2460 685 2515; x_wconf 90' lang='lat' dir='ltr'><strong>(cap.</strong></span> <span class='ocrx_word' id='word_1_468' title='bbox 718 2457 782 2501; x_wconf 77' lang='lat'><strong>43.</strong></span> <span class='ocrx_word' id='word_1_469' title='bbox 811 2459 891 2513; x_wconf 74' lang='lat'><strong>44.)</strong></span> <span class='ocrx_word' id='word_1_470' title='bbox 928 2462 1097 2510; x_wconf 88' lang='lat' dir='ltr'><strong>quaerit:</strong></span> <span class='ocrx_word' id='word_1_471' title='bbox 1140 2471 1422 2511; x_wconf 90' lang='lat' dir='ltr'><strong>„nunquamne</strong></span> <span class='ocrx_word' id='word_1_472' title='bbox 1456 2463 1638 2512; x_wconf 88' lang='lat' dir='ltr'><strong>sapientis</strong></span> <span class='ocrx_word' id='word_1_473' title='bbox 1674 2464 1826 2503; x_wconf 90' lang='lat' dir='ltr'><strong>animus</strong></span> <span class='ocrx_word' id='word_1_474' title='bbox 1866 2474 1939 2503; x_wconf 89' lang='lat' dir='ltr'><strong>nec</strong></span> <span class='ocrx_word' id='word_1_475' title='bbox 1974 2463 2181 2514; x_wconf 84' lang='lat' dir='ltr'><strong>cupiditate</strong></span> <span class='ocrx_word' id='word_1_476' title='bbox 2215 2463 2416 2501; x_wconf 89' lang='lat' dir='ltr'><strong>moveatur</strong></span> 
     </span>
     <span class='ocr_line' id='line_1_36' title="bbox 170 2520 2412 2577; baseline -0.002 -12"><span class='ocrx_word' id='word_1_477' title='bbox 170 2536 241 2567; x_wconf 90' lang='lat' dir='ltr'><strong>nec</strong></span> <span class='ocrx_word' id='word_1_478' title='bbox 281 2528 425 2567; x_wconf 87' lang='lat' dir='ltr'><strong>laetitia</strong></span> <span class='ocrx_word' id='word_1_479' title='bbox 460 2522 673 2566; x_wconf 75' lang='lat' dir='ltr'><strong>efferatur?</strong></span> <span class='ocrx_word' id='word_1_480' title='bbox 721 2535 973 2573; x_wconf 87' lang='lat' dir='ltr'><strong>nunquamne</strong></span> <span class='ocrx_word' id='word_1_481' title='bbox 1006 2525 1174 2570; x_wconf 88' lang='lat' dir='ltr'><strong>timebit,</strong></span> <span class='ocrx_word' id='word_1_482' title='bbox 1214 2535 1415 2574; x_wconf 91' lang='lat' dir='ltr'><strong>nunquam</strong></span> <span class='ocrx_word' id='word_1_483' title='bbox 1447 2523 1619 2564; x_wconf 75' lang='lat' dir='ltr'><strong>dolebit?</strong></span> <span class='ocrx_word' id='word_1_484' title='bbox 1661 2536 1752 2573; x_wconf 88' lang='lat' dir='ltr'><strong>nec,</strong></span> <span class='ocrx_word' id='word_1_485' title='bbox 1794 2527 1825 2565; x_wconf 90' lang='lat' dir='ltr'><strong>si</strong></span> <span class='ocrx_word' id='word_1_486' title='bbox 1861 2527 1987 2577; x_wconf 89' lang='lat' dir='ltr'><strong>patria</strong></span> <span class='ocrx_word' id='word_1_487' title='bbox 2020 2526 2213 2570; x_wconf 88' lang='lat' dir='ltr'><strong>deleatur,</strong></span> <span class='ocrx_word' id='word_1_488' title='bbox 2257 2520 2412 2563; x_wconf 72' lang='lat' dir='ltr'><strong>doleat?</strong></span> 
     </span>
     <span class='ocr_line' id='line_1_37' title="bbox 171 2585 2411 2638; baseline -0.002 -9"><span class='ocrx_word' id='word_1_489' title='bbox 171 2589 267 2629; x_wconf 87' lang='lat' dir='ltr'><strong>Satis</strong></span> <span class='ocrx_word' id='word_1_490' title='bbox 301 2589 467 2635; x_wconf 91' lang='lat' dir='ltr'><strong>durum,</strong></span> <span class='ocrx_word' id='word_1_491' title='bbox 501 2589 568 2628; x_wconf 90' lang='lat' dir='ltr'><strong>sed</strong></span> <span class='ocrx_word' id='word_1_492' title='bbox 595 2588 741 2628; x_wconf 91' lang='lat' dir='ltr'><strong>Zenoni</strong></span> <span class='ocrx_word' id='word_1_493' title='bbox 778 2587 816 2626; x_wconf 92' lang='lat' dir='ltr'><strong>id</strong></span> <span class='ocrx_word' id='word_1_494' title='bbox 848 2588 1107 2627; x_wconf 87' lang='lat' dir='ltr'><strong>necessarium</strong></span> <span class='ocrx_word' id='word_1_495' title='bbox 1142 2587 1301 2626; x_wconf 90' lang='lat' dir='ltr'><strong>videtur.</strong></span> <span class='ocrx_word' id='word_1_496' title='bbox 1356 2586 1536 2635; x_wconf 86' lang='lat' dir='ltr'><strong>Quaero,</strong></span> <span class='ocrx_word' id='word_1_497' title='bbox 1570 2588 1727 2638; x_wconf 88' lang='lat' dir='ltr'><strong>quando</strong></span> <span class='ocrx_word' id='word_1_498' title='bbox 1755 2590 1829 2629; x_wconf 89' lang='lat' dir='ltr'><strong>ista</strong></span> <span class='ocrx_word' id='word_1_499' title='bbox 1856 2588 1998 2628; x_wconf 81' lang='lat' dir='ltr'><strong>suerint</strong></span> <span class='ocrx_word' id='word_1_500' title='bbox 2030 2589 2080 2628; x_wconf 87' lang='lat' dir='ltr'><strong>ab</strong></span> <span class='ocrx_word' id='word_1_501' title='bbox 2106 2588 2315 2628; x_wconf 81' lang='lat' dir='ltr'><strong>Academia</strong></span> <span class='ocrx_word' id='word_1_502' title='bbox 2342 2585 2411 2625; x_wconf 87' lang='lat' dir='ltr'><strong>de-</strong></span> 
     </span>
     <span class='ocr_line' id='line_1_38' title="bbox 171 2648 2410 2702; baseline -0.003 -11"><span class='ocrx_word' id='word_1_503' title='bbox 171 2654 290 2699; x_wconf 86' lang='lat' dir='ltr'><strong>creta,</strong></span> <span class='ocrx_word' id='word_1_504' title='bbox 323 2655 366 2692; x_wconf 94' lang='lat' dir='ltr'><strong>ut</strong></span> <span class='ocrx_word' id='word_1_505' title='bbox 394 2653 568 2692; x_wconf 88' lang='lat' dir='ltr'><strong>animum</strong></span> <span class='ocrx_word' id='word_1_506' title='bbox 603 2651 786 2702; x_wconf 88' lang='lat' dir='ltr'><strong>sapientis</strong></span> <span class='ocrx_word' id='word_1_507' title='bbox 823 2652 1054 2690; x_wconf 89' lang='lat' dir='ltr'><strong>commoveri</strong></span> <span class='ocrx_word' id='word_1_508' title='bbox 1090 2653 1128 2689; x_wconf 86' lang='lat' dir='ltr'><strong>et</strong></span> <span class='ocrx_word' id='word_1_509' title='bbox 1162 2651 1385 2690; x_wconf 88' lang='lat' dir='ltr'><strong>conturbari</strong></span> <span class='ocrx_word' id='word_1_510' title='bbox 1420 2650 1633 2700; x_wconf 71' lang='lat' dir='ltr'><strong>negarent?</strong></span> <span class='ocrx_word' id='word_1_511' title='bbox 1667 2652 1949 2692; x_wconf 84' lang='lat' dir='ltr'><strong>mediocritates</strong></span> <span class='ocrx_word' id='word_1_512' title='bbox 1976 2652 2028 2691; x_wconf 92' lang='lat' dir='ltr'><strong>illi</strong></span> <span class='ocrx_word' id='word_1_513' title='bbox 2053 2652 2273 2702; x_wconf 87' lang='lat' dir='ltr'><strong>probabant</strong></span> <span class='ocrx_word' id='word_1_514' title='bbox 2305 2651 2344 2687; x_wconf 91' lang='lat' dir='ltr'><strong>ct</strong></span> <span class='ocrx_word' id='word_1_515' title='bbox 2370 2648 2410 2685; x_wconf 82' lang='lat' dir='ltr'><strong>in</strong></span> 
     </span>
     <span class='ocr_line' id='line_1_39' title="bbox 171 2710 2407 2765; baseline -0.002 -12"><span class='ocrx_word' id='word_1_516' title='bbox 171 2716 273 2753; x_wconf 81' lang='lat' dir='ltr'><strong>omni</strong></span> <span class='ocrx_word' id='word_1_517' title='bbox 297 2717 588 2765; x_wconf 87' lang='lat' dir='ltr'><strong>perturbatione</strong></span> <span class='ocrx_word' id='word_1_518' title='bbox 615 2713 834 2754; x_wconf 87' lang='lat' dir='ltr'><strong>naturalem</strong></span> <span class='ocrx_word' id='word_1_519' title='bbox 861 2714 1039 2752; x_wconf 88' lang='lat' dir='ltr'><strong>volebant</strong></span> <span class='ocrx_word' id='word_1_520' title='bbox 1066 2724 1150 2753; x_wconf 89' lang='lat' dir='ltr'><strong>csse</strong></span> <span class='ocrx_word' id='word_1_521' title='bbox 1175 2714 1366 2762; x_wconf 90' lang='lat' dir='ltr'><strong>quendam</strong></span> <span class='ocrx_word' id='word_1_522' title='bbox 1394 2715 1565 2755; x_wconf 89' lang='lat' dir='ltr'><strong>modum.</strong></span> <span class='ocrx_word' id='word_1_523' title='bbox 1622 2715 1771 2755; x_wconf 90' lang='lat' dir='ltr'><strong>Utiliter</strong></span> <span class='ocrx_word' id='word_1_524' title='bbox 1798 2715 1849 2754; x_wconf 93' lang='lat' dir='ltr'><strong>illi</strong></span> <span class='ocrx_word' id='word_1_525' title='bbox 1884 2726 1908 2754; x_wconf 89' lang='lat' dir='ltr'><strong>a</strong></span> <span class='ocrx_word' id='word_1_526' title='bbox 1935 2718 2075 2755; x_wconf 88' lang='lat' dir='ltr'><strong>natura</strong></span> <span class='ocrx_word' id='word_1_527' title='bbox 2100 2715 2239 2754; x_wconf 86' lang='lat' dir='ltr'><strong>animis</strong></span> <span class='ocrx_word' id='word_1_528' title='bbox 2265 2710 2407 2752; x_wconf 86' lang='lat' dir='ltr'><strong>nostris</strong></span> 
     </span>
     <span class='ocr_line' id='line_1_40' title="bbox 170 2776 2410 2830; baseline 0 -12"><span class='ocrx_word' id='word_1_529' title='bbox 170 2778 346 2818; x_wconf 86' lang='lat' dir='ltr'><strong>dicebant</strong></span> <span class='ocrx_word' id='word_1_530' title='bbox 373 2781 634 2830; x_wconf 86' lang='lat' dir='ltr'><strong>permotiones</strong></span> <span class='ocrx_word' id='word_1_531' title='bbox 662 2779 755 2817; x_wconf 89' lang='lat' dir='ltr'><strong>istas</strong></span> <span class='ocrx_word' id='word_1_532' title='bbox 782 2776 903 2822; x_wconf 88' lang='lat' dir='ltr'><strong>datas,</strong></span> <span class='ocrx_word' id='word_1_533' title='bbox 931 2778 1079 2814; x_wconf 83' lang='lat' dir='ltr'><strong>metum</strong></span> <span class='ocrx_word' id='word_1_534' title='bbox 1110 2776 1265 2815; x_wconf 87' lang='lat' dir='ltr'><strong>cavendi</strong></span> <span class='ocrx_word' id='word_1_535' title='bbox 1293 2787 1427 2825; x_wconf 89' lang='lat' dir='ltr'><strong>causa,</strong></span> <span class='ocrx_word' id='word_1_536' title='bbox 1455 2778 1758 2818; x_wconf 86' lang='lat' dir='ltr'><strong>misericordiam</strong></span> <span class='ocrx_word' id='word_1_537' title='bbox 1785 2778 2141 2829; x_wconf 82' lang='lat' dir='ltr'><strong>aegritudinemque</strong></span> <span class='ocrx_word' id='word_1_538' title='bbox 2167 2778 2410 2826; x_wconf 66' lang='lat' dir='ltr'><strong>clementiaez</strong></span> 
     </span>
     <span class='ocr_line' id='line_1_41' title="bbox 168 2839 2410 2891; baseline 0.001 -10"><span class='ocrx_word' id='word_1_539' title='bbox 168 2842 294 2891; x_wconf 84' lang='lat' dir='ltr'><strong>ipsam</strong></span> <span class='ocrx_word' id='word_1_540' title='bbox 320 2842 558 2882; x_wconf 86' lang='lat' dir='ltr'><strong>iracundiam</strong></span> <span class='ocrx_word' id='word_1_541' title='bbox 586 2841 818 2881; x_wconf 70' lang='lat' dir='ltr'><strong>sortituffinis</strong></span> <span class='ocrx_word' id='word_1_542' title='bbox 846 2839 956 2889; x_wconf 85' lang='lat' dir='ltr'><strong>quasi</strong></span> <span class='ocrx_word' id='word_1_543' title='bbox 983 2841 1108 2878; x_wconf 89' lang='lat' dir='ltr'><strong>cotem</strong></span> <span class='ocrx_word' id='word_1_544' title='bbox 1136 2849 1218 2880; x_wconf 89' lang='lat' dir='ltr'><strong>esse</strong></span> <span class='ocrx_word' id='word_1_545' title='bbox 1245 2840 1458 2881; x_wconf 83' lang='lat' dir='ltr'><strong>dicebant.“</strong></span> <span class='ocrx_word' id='word_1_546' title='bbox 1511 2842 1599 2882; x_wconf 87' lang='lat' dir='ltr'><strong>Alio</strong></span> <span class='ocrx_word' id='word_1_547' title='bbox 1625 2842 1712 2882; x_wconf 90' lang='lat' dir='ltr'><strong>loco</strong></span> <span class='ocrx_word' id='word_1_548' title='bbox 1738 2842 1835 2882; x_wconf 90' lang='lat' dir='ltr'><strong>haec</strong></span> <span class='ocrx_word' id='word_1_549' title='bbox 1861 2842 1985 2882; x_wconf 89' lang='lat' dir='ltr'><strong>addit:</strong></span> <span class='ocrx_word' id='word_1_550' title='bbox 2018 2842 2181 2890; x_wconf 87' lang='lat' dir='ltr'><strong>„Quum</strong></span> <span class='ocrx_word' id='word_1_551' title='bbox 2206 2843 2410 2891; x_wconf 88' lang='lat' dir='ltr'><strong>perturba-</strong></span> 
     </span>
     <span class='ocr_line' id='line_1_42' title="bbox 167 2902 2413 2956; baseline 0.001 -11"><span class='ocrx_word' id='word_1_552' title='bbox 167 2905 316 2945; x_wconf 79' lang='lat' dir='ltr'><strong>tionem</strong></span> <span class='ocrx_word' id='word_1_553' title='bbox 343 2906 457 2944; x_wconf 89' lang='lat' dir='ltr'><strong>animi</strong></span> <span class='ocrx_word' id='word_1_554' title='bbox 486 2917 563 2945; x_wconf 90' lang='lat' dir='ltr'><strong>non</strong></span> <span class='ocrx_word' id='word_1_555' title='bbox 591 2907 750 2946; x_wconf 92' lang='lat' dir='ltr'><strong>omnino</strong></span> <span class='ocrx_word' id='word_1_556' title='bbox 778 2916 828 2944; x_wconf 84' lang='lat' dir='ltr'><strong>ex</strong></span> <span class='ocrx_word' id='word_1_557' title='bbox 854 2903 1012 2943; x_wconf 91' lang='lat' dir='ltr'><strong>homine</strong></span> <span class='ocrx_word' id='word_1_558' title='bbox 1038 2902 1232 2951; x_wconf 88' lang='lat' dir='ltr'><strong>tollerent,</strong></span> <span class='ocrx_word' id='word_1_559' title='bbox 1269 2915 1355 2944; x_wconf 88' lang='lat' dir='ltr'><strong>eam</strong></span> <span class='ocrx_word' id='word_1_560' title='bbox 1382 2907 1513 2944; x_wconf 88' lang='lat' dir='ltr'><strong>tamen</strong></span> <span class='ocrx_word' id='word_1_561' title='bbox 1541 2907 1817 2946; x_wconf 81' lang='lat' dir='ltr'><strong>contraxerunt</strong></span> <span class='ocrx_word' id='word_1_562' title='bbox 1848 2908 1966 2956; x_wconf 90' lang='lat' dir='ltr'><strong>atque</strong></span> <span class='ocrx_word' id='word_1_563' title='bbox 1991 2906 2031 2946; x_wconf 92' lang='lat' dir='ltr'><strong>in</strong></span> <span class='ocrx_word' id='word_1_564' title='bbox 2057 2906 2262 2955; x_wconf 83' lang='lat' dir='ltr'><strong>angustum</strong></span> <span class='ocrx_word' id='word_1_565' title='bbox 2291 2905 2413 2947; x_wconf 81' lang='lat' dir='ltr'><strong>dedu-</strong></span> 
     </span>
     <span class='ocr_line' id='line_1_43' title="bbox 168 2964 2413 3022; baseline 0.001 -14"><span class='ocrx_word' id='word_1_566' title='bbox 168 2969 353 3009; x_wconf 71' lang='lat' dir='ltr'><strong>xerunt.“</strong></span> <span class='ocrx_word' id='word_1_567' title='bbox 400 2964 460 3020; x_wconf 74' lang='lat'><strong>(2,</strong></span> <span class='ocrx_word' id='word_1_568' title='bbox 499 2965 574 3022; x_wconf 88' lang='grc'>10.)</span> <span class='ocrx_word' id='word_1_569' title='bbox 631 2968 775 3009; x_wconf 86' lang='lat' dir='ltr'><strong>Contra</strong></span> <span class='ocrx_word' id='word_1_570' title='bbox 816 2969 855 3008; x_wconf 90' lang='lat' dir='ltr'><strong>in</strong></span> <span class='ocrx_word' id='word_1_571' title='bbox 889 2966 1116 3007; x_wconf 83' lang='lat' dir='ltr'><strong>Tusculanis</strong></span> <span class='ocrx_word' id='word_1_572' title='bbox 1153 2978 1307 3008; x_wconf 84' lang='lat' dir='ltr'><strong>omnem</strong></span> <span class='ocrx_word' id='word_1_573' title='bbox 1341 2969 1641 3009; x_wconf 87' lang='lat' dir='ltr'><strong>commotionem</strong></span> <span class='ocrx_word' id='word_1_574' title='bbox 1671 2969 1789 3009; x_wconf 85' lang='lat' dir='ltr'><strong>animi</strong></span> <span class='ocrx_word' id='word_1_575' title='bbox 1825 2968 1960 3009; x_wconf 86' lang='lat' dir='ltr'><strong>Cicero</strong></span> <span class='ocrx_word' id='word_1_576' title='bbox 1994 2968 2155 3019; x_wconf 87' lang='lat' dir='ltr'><strong>sapienti</strong></span> <span class='ocrx_word' id='word_1_577' title='bbox 2186 2969 2413 3020; x_wconf 78' lang='lat' dir='ltr'><strong>praeclmiit,</strong></span> 
     </span>
    </p>
   </div>
  </div>
 </body>
</html>
