2634 3601
194 355 272 397 que
297 344 444 392 ironte,
470 354 638 396 pronum
665 344 716 386 ad
742 345 837 387 alios
863 346 1096 395 irridendos,
1122 345 1214 398 ipsis
1240 344 1462 386 liberalibus
1487 345 1633 385 artibus
1659 345 1875 393 inimicum,
1908 345 2074 396 denique
2098 345 2153 385 ita
2178 344 2440 396 praefi-acum

191 407 409 454 hominem,
441 410 486 446 ut
518 409 648 447 omnia
679 409 730 447 ad
757 410 1027 451 continendam
1052 409 1257 450 hominum
1282 408 1507 448 societatem
1533 408 1685 447 inventa
1710 407 1898 456 instituta,
1928 409 2096 461 templa,
2130 418 2259 456 sacra,
2281 408 2442 459 judicia,

191 472 377 519 tanquam
404 470 550 511 inutilia
575 472 831 523 improbaret,
864 484 1015 521 omnes,
1050 471 1117 523 qui
1141 481 1223 511 non
1250 473 1376 512 essent
1391 469 1618 524 philosophi
1645 468 1782 518 Stoici,
1814 470 1987 511 inimicos
2013 473 2113 513 inter
2139 484 2182 513 se
2208 472 2312 524 ipsos
2326 501 2337 520 ,
2366 471 2439 513 ho·

193 535 289 578 stes,
314 544 461 580 servos,
489 535 721 579 declararet;
753 535 809 573 sic
832 536 949 573 etiam
975 537 1155 586 parentes
1183 537 1223 572 et
1247 534 1407 581 liberos,
1439 534 1600 578 tratres,
1636 545 1771 573 omnes
1797 529 1986 583 sanguine
2011 534 2112 571 inter
2138 545 2180 572 se
2205 537 2435 584 conjunctos

191 594 365 634 inimicos
395 596 495 635 inter
531 607 573 636 se
606 607 697 636 eum
732 595 947 635 declarasse
982 599 1021 636 et
1051 596 1204 643 hostes,
1245 596 1384 648 quippe
1419 596 1484 647 qui
1523 593 1595 650 (vel
1622 596 1770 647 potius:
1806 596 1873 647 qui
1909 592 2081 648 quidem)
2116 605 2198 634 non
2223 601 2350 637 essent
2374 608 2435 638 sa-

191 658 337 708 pientes
373 658 511 706 Stoici;
547 661 714 711 denique
748 661 866 699 etiam
899 661 941 698 in
971 670 1101 699 servos
1135 670 1226 698 eum
1253 663 1477 710 ceterosque
1503 659 1653 699 Stoicos
1684 660 1922 698 saevissimos
1955 659 2073 698 fuisse
2100 658 2299 703 dominos,
2335 663 2374 698 et
2398 661 2438 699 in

190 721 435 771 proverbium
466 723 604 763 abiisse
631 723 827 763 saevitiam
854 721 939 762 heri
960 720 1088 762 Stoici.
1126 719 1252 774 (Diog.
1277 721 1405 762 Laert.
1434 718 1478 768 7,
1513 716 1574 761 13.
1605 717 1667 760 16.
1693 718 1758 761 26.
1784 716 1849 761 31.
1875 716 1941 760 32.
1995 720 2222 761 Athenaeus
2257 719 2316 758 ed.
2344 719 2438 759 Din-

191 782 300 830 dorf„
326 781 364 830 2,
390 780 456 830 55,
483 784 508 823 f.
533 782 573 832 4,
603 781 692 831 164,
717 782 771 837 f.).
817 782 1021 831 Quaenam
1047 783 1164 833 igitur
1189 783 1314 823 amica
1345 784 1385 823 in
1411 783 1507 822 alios
1532 783 1708 823 voluntas
1735 794 1819 823 esse
1844 784 1971 834 potuit
1997 782 2145 823 Zenoni
2174 784 2214 821 et
2240 781 2440 821 sectatori·

189 845 261 885 bus
288 846 390 895 eius,
423 847 488 895 qui
513 847 698 897 pleraque
731 859 781 886 ex
805 850 917 897 parte
948 846 1030 896 ejus
1062 846 1203 885 similes
1230 849 1358 893 erant,
1393 859 1516 896 quum
1550 858 1684 885 omnes
1720 848 1815 885 alios
1849 847 2026 885 homines
2063 849 2361 885 contemnerent
2396 850 2441 884 ut

190 908 342 958 stultos,
368 908 517 958 hostes,
545 906 703 951 servos?

372 971 462 1012 Non
487 984 627 1024 parum
653 972 842 1012 momenti
875 971 926 1011 ad
951 974 1240 1023 praeposteram
1275 971 1380 1012 illam
1406 970 1627 1012 Stoicorum
1661 971 1709 1012 de
1735 973 1852 1013 rebus
1885 972 2065 1013 humanis
2087 970 2288 1023 judicandi
2317 972 2437 1011 ratio-

190 1045 279 1072 nem
313 1037 353 1072 et
387 1035 437 1072 ad
472 1037 688 1085 augendam
722 1047 860 1074 eorum
893 1035 1209 1075 inhumanitatem
1240 1035 1409 1073 habebat
1434 1035 1551 1073 etiam
1578 1035 1699 1074 altera
1726 1047 1862 1075 eorum
1888 1036 2089 1082 sententia,
2126 1044 2206 1084 qua
2233 1035 2438 1081 docebant,

190 1098 320 1137 omnia
346 1100 506 1148 peccata
532 1098 643 1151 paria
670 1110 774 1145 esse,
813 1098 854 1138 id
887 1100 963 1145 est,
997 1109 1121 1148 aeque
1147 1098 1386 1143 damnanda,
1420 1097 1570 1138 nullum
1602 1101 1852 1147 agnoscentes
1878 1099 2065 1149 gradum,
2101 1098 2253 1136 nullum
2282 1098 2436 1138 levioris

189 1160 246 1199 vel
273 1161 455 1211 gravioris
478 1161 625 1211 peccati
652 1160 868 1201 discrimen.
921 1160 1050 1201 Verba
1076 1159 1271 1201 Ciceronis
1303 1161 1344 1201 in
1369 1161 1505 1201 nostra
1532 1160 1706 1200 oratione
1732 1161 1832 1200 inter
1858 1164 1987 1201 cetera
2013 1159 2236 1200 Stoicorum
2263 1160 2436 1200 absurda

188 1223 305 1262 eliam
330 1222 431 1262 hanc
456 1225 683 1263 sententiam
710 1225 805 1263 risui
832 1224 1048 1271 offerentia,
1073 1224 1171 1263 haec
1198 1226 1308 1262 sunt:
1345 1224 1476 1262 omnia
1501 1226 1660 1273 peccata
1685 1225 1795 1274 paria
1820 1235 1924 1271 esse,
1951 1235 2067 1263 omne
2094 1224 2278 1262 delictum
2306 1223 2433 1263 scelus

189 1297 273 1325 esse
299 1286 509 1333 nefarium,
536 1297 610 1325 nec
636 1287 762 1325 minus
789 1286 1012 1337 delinquere
1038 1298 1151 1333 eum,
1179 1287 1245 1336 qui
1272 1286 1417 1337 gallum
1443 1286 1715 1337 gallinaceum,
1746 1298 1867 1336 quum
1899 1298 1996 1337 opus
2026 1298 2106 1325 non
2139 1285 2273 1332 fuerit,
2313 1296 2434 1335 quam

188 1360 298 1396 eum,
334 1350 399 1399 qui
431 1351 581 1399 patrem
613 1349 854 1388 suffocaverit
881 1347 928 1403 (ξ.
954 1346 1047 1403 61.).
1101 1349 1291 1397 „Fatetur
1324 1349 1481 1399 aliquis,
1519 1359 1561 1388 se
1587 1359 1768 1398 peccasse
1805 1352 1845 1390 et
1876 1350 1956 1401 ejus
1983 1349 2109 1389 delicti
2135 1349 2287 1388 veniam
2314 1349 2432 1399 petit;

187 1412 376 1451 nefarium
402 1414 461 1451 est
487 1411 634 1451 facinus
660 1413 896 1463 ignoscere.“
950 1415 1064 1460 „„At
1095 1413 1176 1452 leve
1202 1413 1386 1452 delictum
1413 1415 1541 1452 est.““
1588 1411 1761 1459 „Omnia
1788 1416 1948 1464 peccata
1975 1415 2063 1453 sunt
2088 1413 2235 1463 paria.“
2265 1409 2315 1465 (§.
2333 1408 2429 1464 62).

184 1473 405 1525 Opponitur
430 1475 752 1514 Academicorum
782 1478 821 1514 et
846 1475 1191 1526 Peripateticorum
1216 1476 1428 1523 sententia,
1464 1475 1640 1514 distincta
1675 1487 1820 1526 genera
1851 1487 1935 1516 esse
1967 1476 2194 1515 delictorum
2229 1477 2268 1514 et
2302 1475 2430 1525 dispa-

186 1549 248 1576 res
274 1547 421 1588 poenas
450 1534 498 1589 (ᾗ.
525 1532 617 1588 63.).
873 1547 876 1550 ·

372 1598 547 1637 Primum
573 1609 676 1638 nunc
701 1599 914 1647 videamuS,
939 1610 984 1639 re
1008 1609 1100 1638 vera
1125 1599 1179 1639 ita
1206 1599 1382 1640 docuisse
1411 1598 1582 1646 Stoicos,
1611 1601 1771 1650 peccata
1795 1600 1924 1639 omnia
1949 1601 2058 1651 paria
2085 1611 2186 1647 esse,
2214 1600 2427 1650 subjunctis

188 1663 331 1708 causis,
359 1673 429 1701 cur
456 1663 509 1701 ita
536 1662 756 1709 docuerint,
791 1663 928 1702 deinde
955 1673 1092 1701 eorum
1115 1662 1189 1702 hac
1216 1664 1256 1702 in
1281 1675 1326 1703 re
1351 1674 1526 1703 errorem
1553 1662 1872 1701 demonstremus.

372 1723 506 1763 Cicero
539 1725 581 1763 in
612 1735 659 1763 eo
691 1726 980 1775 paradoxorum
1013 1726 1158 1775 capite,
1201 1726 1308 1776 quod
1340 1726 1552 1776 inscripsit,
1596 1724 1775 1774 aequalia
1808 1735 1892 1764 esse
1925 1728 2084 1775 peccata
2115 1728 2155 1763 et
2188 1728 2291 1763 recte
2325 1724 2429 1763 facta

187 1785 334 1838 (parad.
362 1784 464 1838 ΙΠ.),
499 1786 596 1826 haec
622 1787 753 1827 docet:
793 1798 959 1839 „parva‚
989 1788 1131 1837 inquit,
1158 1800 1221 1828 res
1247 1786 1327 1829 est!
1364 1787 1588 1841 (alloquitur
1615 1799 1726 1834 eum,
1755 1788 1842 1837 qui,
1869 1799 1991 1837 quum
2017 1788 2208 1838 peccavit,
2242 1797 2359 1837 parvo
2387 1798 2430 1826 se

186 1849 332 1900 peccati
359 1849 418 1888 sui
444 1851 641 1888 momento
669 1848 925 1904 consolatur),
955 1861 1075 1902 parva
1108 1851 1225 1903 igitur
1249 1862 1312 1892 res
1340 1849 1447 1892 est!“
1486 1854 1591 1899 „„at
1618 1861 1760 1902 magna
1787 1848 1917 1903 culpa!
1955 1861 2028 1891 nec
2054 1850 2156 1890 enim
2183 1852 2341 1901 peccata
2366 1861 2429 1890 re·

186 1924 275 1951 rum
311 1914 448 1951 eventu
479 1912 546 1951 sed
579 1914 676 1951 vitiis
708 1914 911 1952 hominum
937 1915 1131 1953 metienda
1156 1918 1257 1954 sunt.
1309 1916 1355 1953 In
1382 1925 1461 1963 quo
1487 1918 1692 1964 peccatur,
1727 1915 1767 1953 id
1793 1917 1922 1964 potest
1954 1914 2059 1953 aliud
2092 1913 2166 1951 alio
2194 1913 2318 1962 majus
2345 1923 2429 1951 esse

185 1976 254 2013 aut
278 1974 424 2020 minus;
457 1975 583 2025 ipsum
613 1975 767 2025 quidem
793 1976 886 2015 illud
911 1987 1093 2026 peccare,
1127 1988 1287 2027 quoquo
1313 1977 1493 2024 verteris,
1527 1988 1650 2016 unum
1681 1980 1750 2016 est.
1805 1978 1902 2017 Auri
1937 1987 2074 2016 navem
2110 1978 2256 2015 evertat
2288 1975 2430 2026 guber-

185 2040 319 2082 nator,
346 2047 396 2074 an
421 2037 573 2086 paleae,
600 2038 640 2075 in
665 2049 709 2076 re
735 2038 1038 2087 aliquantulum,
1074 2040 1114 2077 in
1140 2040 1409 2089 gubernatoris
1435 2040 1634 2078 inscientia
1660 2039 1753 2078 nihil
1780 2040 1952 2080 interest.
2006 2039 2134 2090 Lapsa
2160 2041 2219 2078 est
2246 2038 2363 2078 libido
2390 2039 2430 2078 in

185 2101 345 2140 muliere
378 2101 522 2150 ignota;
558 2101 668 2140 dolor
703 2101 753 2140 ad
789 2102 992 2152 pauciores
1025 2102 1212 2152 pertinet,
1247 2113 1366 2152 quam
1400 2103 1431 2141 si
1461 2102 1639 2152 petulans
1667 2102 1802 2141 fuisset
1833 2104 1874 2141 in
1909 2103 1985 2142 alia
2011 2113 2200 2151 generosa
2235 2112 2282 2140 ac
2310 2101 2429 2140 nobili

184 2164 347 2214 virgine;
379 2165 549 2213 peccavit
582 2175 673 2204 vero
704 2164 823 2203 nihilo
858 2164 1007 2210 minus,
1042 2164 1231 2213 siquidem
1266 2167 1325 2204 est
1358 2175 1521 2215 peccare
1556 2166 1746 2214 tanquam
1778 2165 1970 2203 transilire
1996 2164 2137 2209 lineas;
2171 2163 2279 2212 quod
2306 2174 2427 2212 quum

183 2227 336 2273 feceris,
364 2227 486 2277 culpav
503 2229 706 2266 commissa
733 2230 809 2272 est;
843 2237 961 2276 quam
987 2228 1100 2277 longe
1124 2228 1390 2277 progrediare,
1428 2238 1549 2277 quum
1576 2227 1694 2266 semel
1721 2228 1940 2273 transieris,
1977 2226 2027 2265 ad
2055 2226 2273 2275 augendam
2300 2229 2426 2265 trans-

185 2290 301 2329 eundi
329 2290 480 2339 culpam
506 2290 598 2329 nihil
623 2290 801 2340 pertinet.
853 2290 1022 2329 Peccare
1048 2292 1151 2328 certe
1177 2289 1265 2328 licet
1291 2290 1446 2328 nemini.
1499 2288 1617 2336 Quod
1643 2292 1775 2327 autem
1801 2301 1882 2328 non
1907 2289 2017 2335 licet,
2044 2288 2083 2325 id
2109 2288 2185 2325 hoc
2211 2299 2291 2326 uno
2318 2292 2425 2326 tene-

186 2354 268 2398 tur,
303 2352 335 2391 si
369 2353 561 2403 arguitur,
596 2364 677 2392 non
701 2352 827 2392 licere.
881 2352 926 2391 Id
951 2352 983 2391 si
1008 2363 1081 2391 nec
1104 2352 1227 2403 majus
1258 2363 1332 2391 nec
1356 2352 1483 2392 minus
1509 2363 1684 2402 unquam
1711 2352 1797 2391 fieri
1822 2354 1971 2403 potest,
2007 2351 2190 2401 quoniam
2225 2350 2266 2389 in
2293 2361 2341 2389 eo
2367 2354 2427 2390 est

185 2417 408 2465 peccatum,
434 2416 465 2455 si
490 2426 569 2455 non
592 2416 717 2462 licuit;
749 2415 854 2464 quod
880 2426 1034 2466 semper
1058 2426 1181 2454 unum
1208 2417 1247 2454 et
1273 2414 1374 2454 idem
1401 2417 1482 2462 est,
1518 2425 1619 2466 quae
1646 2426 1696 2455 ex
1723 2426 1770 2455 eo
1797 2416 1957 2466 peccata
1983 2416 2214 2460 nascuntur,
2250 2413 2428 2464 aequalia

185 2478 260 2517 sint
286 2480 505 2528 oportet.““

371 2541 417 2583 In
442 2542 507 2590 iis,
534 2551 634 2592 quae
660 2543 875 2592 sequuntur
901 2538 950 2596 (§.
976 2537 1050 2595 2),
1076 2539 1173 2580 haec
1199 2540 1397 2593 leguntur:
1441 2552 1576 2592 „quae
1601 2543 1656 2582 vis
1684 2543 1786 2583 enim
1813 2545 1891 2588 est,
1917 2552 2018 2591 quae
2044 2542 2168 2592 magis
2194 2545 2328 2581 arceat
2355 2542 2426 2581 bo-

187 2607 308 2646 mines
343 2606 392 2645 ab
425 2606 669 2656 improbitate
704 2605 827 2652 omni,
861 2614 979 2654 quam
1006 2605 1038 2643 si
1064 2605 1270 2652 senserint,
1307 2604 1455 2645 nullum
1488 2606 1529 2645 in
1556 2605 1702 2646 delictis
1730 2616 1814 2645 esse
1847 2604 2068 2650 discrimem
2107 2614 2234 2654 aeque
2260 2615 2427 2655 peccare

187 2681 251 2717 se,
286 2669 317 2709 si
342 2668 517 2720 privatis,
552 2678 599 2707 ac
633 2667 665 2707 si
699 2668 985 2719 magistratibus
1017 2677 1154 2707 manus
1189 2667 1369 2714 afferant;
1413 2679 1688 2719 quamcunque
1725 2670 1766 2708 in
1798 2668 1956 2708 domum
1989 2670 2168 2717 stuprum
2200 2668 2428 2715 intulerunt,

185 2732 348 2773 eandem
366 2742 449 2772 esse
466 2731 594 2771 labem
611 2728 835 2771 libidinis?“
876 2729 1083 2779 „,‚Nil1ilne
1108 2730 1223 2781 igitur
1249 2730 1419 2778 interest,
1446 2742 1538 2771 nam
1563 2732 1640 2772 hoc
1666 2733 1768 2773 dicet
1793 2730 1941 2781 aliquiS,
1958 2752 2014 2758 —
2038 2733 2191 2782 patrem
2218 2732 2308 2782 quis
2335 2743 2428 2773 ene·

183 2799 245 2836 oet
274 2807 328 2835 an
361 2792 604 2834 servum‘l““
647 2794 797 2841 „Nuda
831 2796 904 2834 ista
936 2795 968 2833 si
1006 2804 1145 2844 ponas,
1172 2794 1356 2844 judicari,
1389 2795 1518 2843 qualia
1551 2796 1644 2842 sint,
1685 2806 1766 2835 non
1797 2794 1906 2834 facile
1937 2796 2111 2844 possunt.
2165 2794 2328 2835 Patrem
2353 2797 2430 2836 vita

181 2859 351 2909 privare,
378 2859 410 2898 si
435 2868 505 2909 per
531 2867 574 2896 se
600 2856 724 2897 scelus
751 2859 830 2905 est,
857 2856 1077 2907 Saguntini,
1101 2856 1168 2906 qui
1192 2859 1371 2907 parentes
1396 2868 1488 2897 suos
1514 2857 1656 2897 liberos
1686 2859 1833 2904 emori,
1870 2866 1989 2911 quam
2015 2867 2146 2896 servos
2172 2858 2317 2906 vivere,
2344 2870 2428 2897 ma·

183 2920 362 2971 luerunt,
395 2918 608 2974 parricidae
633 2918 802 2961 fuerunt.
854 2919 958 2973 Ergo
991 2922 1031 2960 et
1053 2919 1205 2972 parenti
1230 2929 1511 2972 nonnunquam
1543 2920 1659 2961 adimi
1685 2921 1761 2962 vita
1792 2920 1874 2961 sine
1900 2918 2045 2961 scelere
2069 2921 2218 2973 potest,
2251 2923 2292 2964 et
2317 2932 2429 2964 servo

181 2995 298 3035 saepe
331 2987 413 3025 sine
444 2986 584 3035 injuria
615 2996 696 3024 non
729 2987 866 3035 potest.
921 2983 1047 3024 Causa
1077 2984 1193 3034 igitur
1225 2984 1339 3032 haec,
1371 2995 1453 3024 non
1478 2987 1619 3024 natura
1645 2984 1850 3034 distinguit.
1902 2981 2107 3030 Quantum
2134 2987 2277 3037 cuique
2302 2986 2426 3032 liceat,
