2634 3601
198 320 319 366 atque
350 313 540 354 acerrime
575 316 709 354 confi-a
743 313 920 365 disputat.
979 316 1130 368 Nempe
1153 316 1195 356 id
1218 325 1267 355 eo
1299 315 1444 354 ramim
1467 318 1548 361 est,
1578 316 1684 364 quod
1710 316 1773 356 illo
1798 319 1997 367 tempore,
2038 327 2120 367 quo
2144 315 2244 357 haec
2268 316 2434 368 scripsit,

198 376 372 429 plurimis
407 373 518 414 malis
548 376 804 417 circiunfusus
837 377 1036 421 motam
1070 377 1266 430 quandam
1296 376 1606 428 aequabilitatem
1640 376 1758 415 animi
1793 380 2007 429 comparari
2040 380 2113 419 sibi
2141 389 2260 431 seque
2292 382 2431 420 contu

198 448 334 479 omnes
359 439 579 488 ingruentes
612 439 847 480 calamitates
871 443 1119 491 praemunire
1145 440 1302 480 studuit.

383 499 499 550 Quod
525 502 575 542 ad
600 503 762 541 externa
785 502 890 542 bona
910 504 1061 555 attinet,
1087 499 1128 545 in
1151 504 1289 555 quinto
1305 503 1615 543 Tusculanarum
1640 502 1739 542 libro
1764 499 1858 541 nihil
1884 511 2045 551 prorsus
2070 503 2117 542 iis
2142 505 2286 552 tribuit,
2311 508 2430 556 atque

197 564 442 617 pertinaciter
467 567 630 617 pugnat,
665 574 714 603 ea
738 564 887 603 nullam
908 565 988 607 vim
1010 565 1178 614 habere,
1210 577 1355 617 neque,
1387 577 1511 617 quum
1544 566 1689 612 adsint,
1725 564 1775 603 ad
1800 564 1917 603 vitam
1949 565 2134 617 sapientis
2160 565 2336 613 beatam,
2364 578 2433 608 ne·

198 638 294 679 que,
327 639 452 679 quum
479 628 622 675 desint,
658 627 709 667 ad
739 628 859 666 vitam
892 626 975 678 eius
1005 629 1189 670 miseram
1219 629 1476 676 efficiendamz
1510 631 1626 668 antea
1657 632 1789 668 tamen
1815 638 1896 667 non
1922 628 2021 668 adeo
2055 639 2103 668 ea
2138 632 2434 680 contempserat.

198 692 244 732 In
275 692 380 732 libris
407 692 461 732 de
489 693 633 732 finibus
663 692 834 743 primum
867 702 1008 732 vamm
1039 692 1139 733 ridet
1160 691 1380 733 Stoicorum
1414 695 1455 733 in
1482 692 1610 732 verbis
1640 692 1786 738 lusum,
1819 702 1943 741 quum
1973 693 2081 733 bona
2115 694 2278 732 externa
2304 695 2438 742 aperte

199 755 302 795 bona
329 755 458 794 dicere
482 755 625 802 nolint,
656 754 725 794 sed
747 756 883 793 tamen
905 755 1031 794 coacfi
1058 755 1152 802 n'nt,
1182 755 1306 796 simile
1329 755 1475 806 aliquid
1510 755 1560 794 de
1586 755 1632 793 iis
1658 754 1901 805 praedicare,
1931 758 1977 796 ut
2002 754 2196 806 producta
2219 755 2299 794 sive
2323 763 2438 806 prae·

200 818 314 871 cipua
344 817 534 869 quaedam
567 828 614 857 ea
640 816 788 864 &canu
820 816 958 857 deinde
991 816 1098 866 dicit,
1133 828 1200 858 eos
1221 829 1373 868 erram,
1398 818 1468 870 qui
1495 818 1625 858 omnia
1648 820 1810 858 externa
1833 829 1992 870 prorsus
2017 820 2292 866 contemnant,
2325 819 2436 868 quasi

198 883 350 932 sapiens
382 890 540 931 prorsus
564 891 704 930 expers
730 881 780 919 sit
808 882 980 931 corporis
1009 884 1052 921 et
1076 884 1180 921 totus
1203 892 1256 920 ex
1285 885 1414 921 mente
1440 883 1609 927 constet,
1637 878 1688 932 (4,
1715 879 1777 921 1-2.
1806 878 1903 934 14.);
1934 883 2110 932 corporis
2137 884 2321 921 naturam
2347 891 2439 921 sane

198 955 283 985 esse
305 942 583 994 respiciendam
611 939 664 995 (4,
689 939 845 983 6-15.
869 939 935 984 Ξ).
961 939 1026 983 25.
1053 940 1117 984 26.
1143 943 1261 984 Acad.
1287 945 1405 994 prior.
1432 956 1467 983 c.
1493 939 1596 995 55.);
1632 955 1721 990 eos,
1757 945 1823 993 qui
1848 944 1942 984 nihil
1966 945 2141 984 stibuant
2167 945 2339 984 extemis
2363 944 2437 983 bo—

197 1007 257 1047 nis
278 1016 409 1057 eaque
434 1005 485 1044 ad
509 1005 655 1045 nullam
680 1016 765 1045 rem
791 1006 900 1046 utilia
923 1006 1160 1054 exisu'ment,
1189 1005 1332 1046 similes
1353 1017 1442 1046 esse
1468 1015 1628 1053 eorum,
1660 1006 1729 1056 qui
1762 1006 1934 1046 aedilicio
1967 1006 2263 1046 fundamentum
2287 1005 2436 1046 subdu·

198 1081 286 1110 cere
310 1071 428 1109 velint
451 1067 519 1120 (de
542 1070 609 1108 fin.
635 1066 675 1114 4,
704 1066 794 1121 15.).
847 1070 961 1108 Venit
981 1071 1100 1119 igitur
1125 1070 1291 1118 denique
1314 1069 1451 1109 Gieero
1478 1069 1530 1108 ad
1552 1069 1655 1108 hanc
1682 1070 1984 1115 conclusionem,
2009 1074 2095 1109 toto
2120 1080 2265 1120 genere
2292 1070 2436 1108 dina-e

198 1131 372 1175 Stoicum
398 1133 517 1181 atque
540 1130 773 1171 Academiae
795 1131 1009 1182 sapientem
1035 1129 1167 1185 (Acad.
1191 1132 1312 1183 prior.
1336 1125 1438 1184 43.);
1469 1131 1598 1181 ipsum
1624 1141 1715 1170 vero
1738 1134 1845 1182 patet
1870 1132 1983 1183 huius
2008 1134 2117 1183 sequi
2143 1133 2348 1172 rationem.

375 1192 516 1234 Cicero
542 1195 659 1245 igitur
685 1205 765 1233 non
795 1206 896 1234 unus
917 1194 1098 1244 idemque
1125 1193 1192 1233 sed
1219 1195 1346 1233 varius
1366 1193 1443 1233 luit
1468 1193 1510 1233 in
1534 1192 1793 1244 philosophia,
1818 1207 1945 1246 neque
1971 1206 2110 1235 novam
2136 1199 2206 1235 aut
2231 1194 2433 1246 propriam

201 1256 273 1297 sibi
305 1267 433 1307 neque
462 1258 617 1308 {uenam
650 1258 819 1307 aliquam
852 1260 969 1307 atque
1000 1258 1219 1297 absolutam
1245 1257 1485 1307 disciplinam
1512 1256 1701 1303 condidit,
1733 1267 1861 1307 neque
1886 1259 1986 1309 ipse,
2018 1268 2242 1309 quanquam
2267 1257 2437 1308 plurima

199 1319 458 1371 pulcherrima
483 1320 612 1368 habet,
638 1321 688 1359 ad
713 1321 867 1371 plenam
893 1323 1010 1371 atque
1034 1322 1075 1360 in
1100 1322 1184 1372 ipsa
1208 1321 1286 1359 vita
1306 1321 1517 1371 probatam
1543 1320 1768 1370 sapientiam
1793 1322 1909 1371 atque
1934 1321 1993 1360 sui
2017 1322 2092 1361 sibi
2117 1322 2312 1361 consciam
2341 1331 2436 1360 cou—

202 1383 382 1422 stantium
412 1385 595 1434 pervenit.
645 1384 778 1423 Primo
814 1384 927 1423 nimis
961 1384 1056 1423 lenis
1088 1386 1205 1434 atque
1237 1383 1408 1433 placidus
1444 1382 1531 1434 plus
1562 1392 1683 1432 quam
1714 1392 1786 1432 par
1818 1386 1921 1430 erat,
1966 1395 2059 1424 suae
2091 1385 2226 1424 aetatis
2261 1383 2436 1424 moribus

204 1446 335 1492 cessit,
369 1445 524 1492 deinde,
559 1446 666 1486 senili
693 1448 840 1492 aetate,
875 1446 972 1486 fines
998 1446 1207 1487 severitatis
1229 1445 1335 1495 ejus,
1367 1456 1491 1496 quam
1515 1445 1654 1485 veritas
1679 1445 1836 1495 probat,
1865 1456 2045 1496 egressus
2079 1450 2147 1487 est.
2199 1446 2293 1486 Dux
2319 1447 2438 1497 igitur

201 1508 395 1560 perfectus
431 1511 549 1558 atque
582 1509 783 1548 absolutus
814 1510 854 1547 in
885 1509 1141 1559 omnibusque
1172 1511 1301 1548 certus
1332 1520 1416 1548 esse
1451 1509 1562 1548 nobis
1597 1519 1677 1547 non
1702 1511 1848 1558 potest,
1867 1511 2024 1562 *quippe
2052 1512 2122 1561 qui
2148 1511 2221 1550 sibi
2247 1511 2330 1561 ipse
2355 1520 2436 1556 ma

205 1572 437 1618 constiterit:
472 1570 539 1610 sed
564 1581 657 1609 sane
691 1572 730 1610 in
757 1582 805 1609 eo
832 1570 909 1610 fide
932 1571 1071 1622 dignus
1095 1574 1176 1618 est,
1205 1571 1277 1610 ubi
1302 1571 1465 1610 aliorum
1499 1570 1550 1610 ad
1575 1570 1856 1621 philosophiam
1881 1573 2114 1623 pertinentes
2140 1574 2347 1613 sententias
2367 1583 2436 1612 re·

203 1636 298 1682 sert:
324 1635 394 1675 has
416 1645 487 1681 ea,
514 1645 592 1684 qua
616 1645 688 1684 par
715 1637 794 1680 est,
821 1634 898 1673 fide
922 1636 1132 1685 expressit,
1152 1635 1273 1684 idque
1300 1635 1336 1674 ei
1358 1636 1419 1674 vel
1445 1635 1680 1684 asperrimus
1706 1645 1839 1673 rerum
1864 1636 2088 1675 aestimator
2112 1637 2319 1683 concedet,
2339 1647 2437 1675 cun

202 1698 251 1738 de
275 1697 524 1749 popularibus
559 1697 638 1737 suis
668 1698 817 1747 >optime
843 1698 1029 1737 meruisse
1055 1708 1126 1745 eo,
1156 1697 1265 1748 quod
1292 1697 1573 1749 philosophiam
1601 1695 1791 1737 Graecam
1818 1697 2097 1749 elegantissimo
2124 1700 2306 1739 orationis
2331 1698 2436 1739 Laii-

201 1770 276 1801 nae
302 1762 444 1800 ornatu
470 1760 664 1799 vestivisse
690 1759 917 1810 aditumque
946 1759 1000 1800 ad
1021 1770 1114 1800 eam
1140 1760 1211 1800 illis
1237 1761 1453 1812 aperuisse,
1484 1763 1527 1800 et
1553 1771 1679 1811 quum
1703 1759 1871 1811 plurima
1904 1762 2019 1802 etiam
2045 1763 2197 1815 egregie
2225 1762 2437 1814 disputarit,

200 1825 339 1864 merito
367 1834 542 1863 summus
569 1824 670 1862 inter
694 1823 892 1861 Romanos
923 1824 1133 1873 sapientiae
1159 1824 1297 1862 doctor
1323 1824 1440 1862 fuisse
1459 1824 1678 1862 censendus
1705 1825 1774 1861 est.

386 1885 463 1926 Sed
494 1897 544 1925 ne
570 1886 687 1925 finem
713 1885 855 1925 habeat
876 1886 1086 1936 disputatio
1112 1890 1247 1926 nostra
1280 1887 1321 1925 in
1346 1886 1641 1937 contemplando
1669 1886 1863 1935 sapiente,
1894 1887 1961 1936 qui
1988 1897 2067 1925 non
2088 1897 2202 1927 verus
2238 1890 2279 1926 et
2303 1887 2439 1938 fimus

203 1951 320 1999 atque
353 1948 553 1987 absolutus
587 1948 738 1998 sapiens
764 1948 831 1995 sit,
865 1947 959 1987 libet
985 1948 1151 1999 adjicere
1177 1948 1367 1998 quaedam
1400 1948 1449 1988 de
1474 1959 1566 1988 vera
1587 1947 1752 1987 absoluti
1778 1948 1962 1998 sapientis
1987 1949 2138 1999 specie,
2172 1949 2326 2000 qualem
2353 1959 2441 1988 eam

204 2014 337 2052 nestra
370 2015 476 2051 aetas
504 2011 676 2058 effinxit,
708 2022 787 2060 quo
820 2011 907 2050 loco
939 2013 1090 2050 tantum
1120 2010 1345 2060 praefabor,
1373 2022 1441 2050 =me
1474 2022 1554 2050 non
1581 2010 1782 2059 gloriolam
1817 2011 2013 2059 quandam
2040 2012 2133 2051 milii
2159 2023 2349 2061 quaerere
2374 2023 2440 2051 vo-

205 2074 339 2121 luisse,
365 2074 545 2125 sapientis
572 2073 775 2114 Christiani
803 2073 969 2124 speciem
995 2072 1282 2121 adumbrando,
1310 2073 1375 2113 sed
1402 2072 1442 2112 id
1462 2084 1531 2112 me
1558 2073 1608 2112 ad
1634 2083 1699 2119 ea,
1737 2083 1839 2123 quae
1866 2077 2102 2123 sequuntur,
2140 2075 2342 2116 scribenda
2368 2076 2440 2115 im-

204 2137 346 2189 pulisse
376 2137 568 2183 studium,
603 2148 673 2183 ne,
706 2147 829 2186 quum
859 2136 1102 2175 destruerem
1132 2138 1284 2187 partem
1309 2136 1452 2175 saltem
1481 2137 1663 2187 antiquae
1696 2135 1926 2185 sapientiae,
1970 2135 2075 2175 hunc
2109 2137 2241 2177 locum
2274 2148 2439 2178 vacum

204 2201 461 2250 relinquerem
494 2201 600 2240 nullo
629 2191 708 2239 alio
741 2200 921 2250 sapientis
953 2200 1127 2250 exemplo
1162 2200 1387 2246 constituto,
1422 2199 1577 2245 deinde,
1614 2201 1659 2237 ut
1693 2209 1766 2248 pro
1801 2209 1890 2237 mea
1926 2199 2021 2238 virili
2043 2202 2159 2249 parte
2192 2201 2243 2240 ab
2269 2202 2337 2247 iis,
2371 2201 2438 2250 qm·

205 2264 441 2314 antiquitatis
466 2263 594 2303 studio
623 2261 741 2303 dediti
769 2265 877 2311 sunt,
903 2273 992 2303 eam
1014 2271 1255 2303 removerem
1281 2262 1583 2309 accusationem,
1618 2272 1685 2300 eos
1712 2271 1807 2311 prae
1833 2262 1951 2301 nimio
1979 2262 2059 2313 eJus
2087 2273 2221 2304 amore
2247 2263 2350 2304 hanc
2373 2273 2438 2304 re-

205 2327 416 2366 centiorem
438 2327 659 2368 animorum
687 2325 878 2364 culturam
904 2328 973 2365 aut
997 2336 1077 2364 non
1101 2325 1194 2363 satis
1214 2335 1344 2372 nosse,
1367 2326 1438 2363 aut
1462 2336 1541 2363 non
1568 2334 1778 2375 agnoscere
1804 2325 1843 2362 et
1868 2325 1975 2375 parvi
1997 2325 2157 2365 habere.
2314 2323 2318 2327 ’

873 2430 1004 2482 Gap.
1042 2428 1100 2472 V
1094 2428 1144 2472 1.
1197 2428 1269 2469 De
1292 2429 1485 2482 sapiente
1509 2427 1772 2471 carantana.

390 2511 487 2560 Quis
519 2524 617 2560 non,
648 2514 853 2565 inspiciens
887 2512 1040 2565 egregia
1071 2511 1295 2550 eruditionis
1323 2509 1496 2550 Graecae
1523 2511 1778 2558 documenta,
1816 2513 1984 2562 ingentia
2012 2513 2151 2563 ingenii
2177 2513 2324 2564 populo
2349 2513 2443 2553 huic
2509 2563 2511 2565 ,

205 2585 230 2616 a
266 2577 407 2616 namra
445 2577 655 2627 ingenerati
689 2577 886 2619 molimina
917 2576 1147 2622 admiretur,
1184 2584 1287 2624 quae
1330 2574 1523 2614 humanae
1555 2575 1674 2614 menti
1707 2575 1807 2614 viam
1849 2575 1899 2615 ad
1933 2575 2110 2616 altiorem
2151 2576 2442 2626 intelligentiam

209 2641 326 2689 atque
361 2639 560 2685 viimam,
588 2650 696 2688 vquae
731 2640 957 2690 conjunctae
990 2639 1091 2677 inter
1114 2648 1165 2677 se
1196 2638 1421 2688 sapientiam
1444 2637 1641 2684 efficiunt,
1674 2638 1828 2676 munire
1862 2639 2122 2684 conabantur3
2148 2638 2223 2677 sed
2249 2640 2337 2688 quis
2362 2650 2446 2680 non

209 2701 311 2741 idem
336 2703 515 2741 evenmm
542 2701 656 2752 hujus
684 2702 798 2742 studii
824 2703 1041 2754 ponderans
1065 2700 1251 2748 fateatur,
1270 2711 1345 2740 eos
1370 2699 1470 2741 infra
1495 2701 1591 2741 fines
1615 2702 1834 2741 necessario
1860 2701 2119 2751 assequendos
2145 2702 2186 2740 in
2212 2703 2446 2753 cognitionis

207 2775 439 2815 morumque
465 2764 615 2804 cultura
641 2765 882 2808 substitisse?
914 2764 1030 2814 Quod
1050 2774 1133 2804 non
1157 2773 1228 2813 per
1246 2763 1486 2803 calumniam
1510 2765 1552 2804 in
1578 2775 1714 2804 eorum
1742 2765 2013 2804 contumeliam
2039 2764 2186 2804 dictum
2211 2765 2446 2817 accipiar:

208 2828 276 2868 sed
305 2832 435 2881 patet,
470 2830 594 2869 certos
621 2830 832 2880 unicuique
862 2830 976 2871 aetati
1011 2831 1125 2879 atque
1154 2827 1260 2879 genti
1286 2838 1316 2868 a
1336 2827 1578 2879 providentia
1604 2828 1730 2868 divina
1757 2828 1981 2879 ,designatos
2003 2839 2093 2868 >esse
2117 2828 2234 2876 fines,
2269 2828 2321 2869 ad
2337 2841 2448 2880 ‚quos

211 2893 399 2942 usquein
427 2892 636 2944 cogitandi,
672 2893 878 2941 sentiendi,
908 2891 1046 2944 agendi
1070 2890 1305 2943 peffectione
1325 2891 1544 2942 perveniat,
1577 2893 1694 2942 atque
1723 2903 1810 2932 eam
1835 2902 1919 2932 esse
1950 2892 2083 2943 generi
2108 2890 2284 2933 humano
2304 2892 2447 2942 ὀψί-

209 2957 288 2995 tam
314 2955 528 3005 roi-mnam,
559 2959 605 2996 ut
632 2956 869 3008 pedetentim
900 2959 944 2997 et
968 2966 1038 3008 por
1058 2955 1203 3007 gradus
1220 2954 1418 3006 quosdam
1450 2955 1501 2998 ad
1535 2957 1728 2998 extremos
1754 2955 2031 3007 progrediatur
2062 2956 2312 3008 perfectionis
2338 2957 2447 2997 lines.
