<?xml version="1.0" encoding="UTF-8"?>
<!DOCTYPE html PUBLIC "-//W3C//DTD XHTML 1.0 Transitional//EN"
    "http://www.w3.org/TR/xhtml1/DTD/xhtml1-transitional.dtd">
<html xmlns="http://www.w3.org/1999/xhtml" xml:lang="en" lang="en">
 <head>
  <title>
</title>
<meta http-equiv="Content-Type" content="text/html;charset=utf-8" />
  <meta name='ocr-system' content='tesseract 3.04.00' />
  <meta name='ocr-capabilities' content='ocr_page ocr_carea ocr_par ocr_line ocrx_word'/>
</head>
<body>
  <div class='ocr_page' id='page_1' title='image "4771408_0015.png"; bbox 0 0 2634 3601; ppageno 0'>
   <div class='ocr_carea' id='block_1_1' title="bbox 353 311 2412 365">
    <p class='ocr_par' dir='ltr' id='par_1_1' title="bbox 353 311 2412 365">
     <span class='ocr_line' id='line_1_1' title="bbox 353 311 2412 365; baseline 0.001 -12"><span class='ocrx_word' id='word_1_1' title='bbox 353 314 542 363; x_wconf 85' lang='lat' dir='ltr'><strong>Proponit</strong></span> <span class='ocrx_word' id='word_1_2' title='bbox 574 315 691 364; x_wconf 90' lang='lat' dir='ltr'><strong>igitur</strong></span> <span class='ocrx_word' id='word_1_3' title='bbox 716 314 751 353; x_wconf 91' lang='lat' dir='ltr'><strong>ei</strong></span> <span class='ocrx_word' id='word_1_4' title='bbox 784 315 875 352; x_wconf 89' lang='lat' dir='ltr'><strong>ante</strong></span> <span class='ocrx_word' id='word_1_5' title='bbox 902 313 1036 352; x_wconf 92' lang='lat' dir='ltr'><strong>oculos</strong></span> <span class='ocrx_word' id='word_1_6' title='bbox 1063 314 1227 353; x_wconf 89' lang='lat' dir='ltr'><strong>aliorum</strong></span> <span class='ocrx_word' id='word_1_7' title='bbox 1252 314 1587 365; x_wconf 90' lang='lat' dir='ltr'><strong>philosophorum,</strong></span> <span class='ocrx_word' id='word_1_8' title='bbox 1622 311 1943 351; x_wconf 78' lang='lat' dir='ltr'><strong>Academicorum</strong></span> <span class='ocrx_word' id='word_1_9' title='bbox 1970 312 2028 350; x_wconf 86' lang='lat' dir='ltr'><strong>vel</strong></span> <span class='ocrx_word' id='word_1_10' title='bbox 2055 312 2412 365; x_wconf 74' lang='lat' dir='ltr'><strong>Peripateticorum,</strong></span> 
     </span>
    </p>
   </div>
   <div class='ocr_carea' id='block_1_2' title="bbox 169 375 2486 431">
    <p class='ocr_par' dir='ltr' id='par_1_2' title="bbox 169 375 2486 431">
     <span class='ocr_line' id='line_1_2' title="bbox 169 375 2486 431; baseline 0.003 -18"><span class='ocrx_word' id='word_1_11' title='bbox 169 375 311 414; x_wconf 91' lang='lat' dir='ltr'><strong>rectius</strong></span> <span class='ocrx_word' id='word_1_12' title='bbox 344 378 600 427; x_wconf 82' lang='lat' dir='ltr'><strong>temperatam</strong></span> <span class='ocrx_word' id='word_1_13' title='bbox 635 377 882 428; x_wconf 83' lang='lat' dir='ltr'><strong>sapientiam,</strong></span> <span class='ocrx_word' id='word_1_14' title='bbox 923 387 1054 416; x_wconf 91' lang='lat' dir='ltr'><strong>veram</strong></span> <span class='ocrx_word' id='word_1_15' title='bbox 1089 377 1335 416; x_wconf 89' lang='lat' dir='ltr'><strong>humanitatis</strong></span> <span class='ocrx_word' id='word_1_16' title='bbox 1372 380 1487 428; x_wconf 88' lang='lat' dir='ltr'><strong>atque</strong></span> <span class='ocrx_word' id='word_1_17' title='bbox 1518 377 1646 416; x_wconf 80' lang='lat' dir='ltr'><strong>rectae</strong></span> <span class='ocrx_word' id='word_1_18' title='bbox 1677 375 1838 414; x_wconf 88' lang='lat' dir='ltr'><strong>rationis</strong></span> <span class='ocrx_word' id='word_1_19' title='bbox 1871 375 2117 426; x_wconf 81' lang='lat' dir='ltr'><strong>magistram,</strong></span> <span class='ocrx_word' id='word_1_20' title='bbox 2161 378 2202 431; x_wconf 89' lang='lat' dir='ltr'><strong>in</strong></span> <span class='ocrx_word' id='word_1_21' title='bbox 2234 378 2417 419; x_wconf 79' lang='lat' dir='ltr'><strong>omnibus</strong></span> <span class='ocrx_word' id='word_1_22' title='bbox 2483 407 2486 410; x_wconf 20' lang='grc' dir='ltr'><strong>Δ</strong></span> 
     </span>
    </p>
   </div>
   <div class='ocr_carea' id='block_1_3' title="bbox 166 437 2417 1933">
    <p class='ocr_par' dir='ltr' id='par_1_3' title="bbox 166 437 2416 1053">
     <span class='ocr_line' id='line_1_3' title="bbox 169 437 2414 492; baseline 0.002 -16"><span class='ocrx_word' id='word_1_23' title='bbox 169 437 321 476; x_wconf 87' lang='lat' dir='ltr'><strong>Stoicae</strong></span> <span class='ocrx_word' id='word_1_24' title='bbox 349 439 549 478; x_wconf 90' lang='lat' dir='ltr'><strong>doctrinae</strong></span> <span class='ocrx_word' id='word_1_25' title='bbox 574 451 737 489; x_wconf 91' lang='lat' dir='ltr'><strong>prorsus</strong></span> <span class='ocrx_word' id='word_1_26' title='bbox 766 439 1011 478; x_wconf 87' lang='lat' dir='ltr'><strong>contrariam.</strong></span> <span class='ocrx_word' id='word_1_27' title='bbox 1063 440 1198 485; x_wconf 84' lang='lat' dir='ltr'><strong>Addit,</strong></span> <span class='ocrx_word' id='word_1_28' title='bbox 1233 440 1264 477; x_wconf 91' lang='lat' dir='ltr'><strong>si</strong></span> <span class='ocrx_word' id='word_1_29' title='bbox 1292 439 1389 478; x_wconf 91' lang='lat' dir='ltr'><strong>Cato</strong></span> <span class='ocrx_word' id='word_1_30' title='bbox 1425 441 1474 479; x_wconf 91' lang='lat' dir='ltr'><strong>ad</strong></span> <span class='ocrx_word' id='word_1_31' title='bbox 1500 440 1638 477; x_wconf 91' lang='lat' dir='ltr'><strong>horum</strong></span> <span class='ocrx_word' id='word_1_32' title='bbox 1663 438 1983 488; x_wconf 88' lang='lat' dir='ltr'><strong>philosophorum</strong></span> <span class='ocrx_word' id='word_1_33' title='bbox 2011 437 2249 488; x_wconf 88' lang='lat' dir='ltr'><strong>disciplinam</strong></span> <span class='ocrx_word' id='word_1_34' title='bbox 2275 451 2318 480; x_wconf 89' lang='lat' dir='ltr'><strong>se</strong></span> <span class='ocrx_word' id='word_1_35' title='bbox 2344 451 2414 492; x_wconf 84' lang='lat' dir='ltr'><strong>ap-</strong></span> 
     </span>
     <span class='ocr_line' id='line_1_4' title="bbox 166 499 2416 553; baseline 0.001 -14"><span class='ocrx_word' id='word_1_36' title='bbox 166 499 382 550; x_wconf 86' lang='lat' dir='ltr'><strong>plicuisset,</strong></span> <span class='ocrx_word' id='word_1_37' title='bbox 409 501 586 541; x_wconf 79' lang='lat' dir='ltr'><strong>futurum</strong></span> <span class='ocrx_word' id='word_1_38' title='bbox 614 502 742 548; x_wconf 84' lang='lat' dir='ltr'><strong>fuisse,</strong></span> <span class='ocrx_word' id='word_1_39' title='bbox 769 504 812 540; x_wconf 90' lang='lat' dir='ltr'><strong>ut</strong></span> <span class='ocrx_word' id='word_1_40' title='bbox 838 501 955 550; x_wconf 88' lang='lat' dir='ltr'><strong>paulo</strong></span> <span class='ocrx_word' id='word_1_41' title='bbox 983 501 1032 539; x_wconf 91' lang='lat' dir='ltr'><strong>ad</strong></span> <span class='ocrx_word' id='word_1_42' title='bbox 1059 501 1254 539; x_wconf 87' lang='lat' dir='ltr'><strong>lenitatem</strong></span> <span class='ocrx_word' id='word_1_43' title='bbox 1280 504 1508 553; x_wconf 90' lang='lat' dir='ltr'><strong>propensior</strong></span> <span class='ocrx_word' id='word_1_44' title='bbox 1533 503 1684 540; x_wconf 90' lang='lat' dir='ltr'><strong>rectum</strong></span> <span class='ocrx_word' id='word_1_45' title='bbox 1710 501 1750 540; x_wconf 89' lang='lat' dir='ltr'><strong>in</strong></span> <span class='ocrx_word' id='word_1_46' title='bbox 1771 500 1980 552; x_wconf 85' lang='lat' dir='ltr'><strong>judicando</strong></span> <span class='ocrx_word' id='word_1_47' title='bbox 2007 503 2123 549; x_wconf 83' lang='lat' dir='ltr'><strong>atque</strong></span> <span class='ocrx_word' id='word_1_48' title='bbox 2149 502 2299 550; x_wconf 88' lang='lat' dir='ltr'><strong>agendo</strong></span> <span class='ocrx_word' id='word_1_49' title='bbox 2328 514 2416 542; x_wconf 85' lang='lat' dir='ltr'><strong>mo-</strong></span> 
     </span>
     <span class='ocr_line' id='line_1_5' title="bbox 167 561 2413 615; baseline 0.002 -15"><span class='ocrx_word' id='word_1_50' title='bbox 167 563 262 601; x_wconf 91' lang='lat' dir='ltr'><strong>dum</strong></span> <span class='ocrx_word' id='word_1_51' title='bbox 291 564 525 603; x_wconf 90' lang='lat' dir='ltr'><strong>observaret.</strong></span> <span class='ocrx_word' id='word_1_52' title='bbox 579 565 729 602; x_wconf 85' lang='lat' dir='ltr'><strong>Deinde</strong></span> <span class='ocrx_word' id='word_1_53' title='bbox 757 563 1061 601; x_wconf 85' lang='lat' dir='ltr'><strong>commiserantis</strong></span> <span class='ocrx_word' id='word_1_54' title='bbox 1089 563 1129 600; x_wconf 90' lang='lat' dir='ltr'><strong>in</strong></span> <span class='ocrx_word' id='word_1_55' title='bbox 1157 562 1318 602; x_wconf 91' lang='lat' dir='ltr'><strong>modum</strong></span> <span class='ocrx_word' id='word_1_56' title='bbox 1344 564 1534 614; x_wconf 84' lang='lat' dir='ltr'><strong>loquitur,</strong></span> <span class='ocrx_word' id='word_1_57' title='bbox 1564 566 1670 603; x_wconf 91' lang='lat' dir='ltr'><strong>certo</strong></span> <span class='ocrx_word' id='word_1_58' title='bbox 1698 574 1739 603; x_wconf 90' lang='lat' dir='ltr'><strong>se</strong></span> <span class='ocrx_word' id='word_1_59' title='bbox 1767 562 1981 610; x_wconf 83' lang='lat' dir='ltr'><strong>confidere,</strong></span> <span class='ocrx_word' id='word_1_60' title='bbox 2007 561 2194 602; x_wconf 90' lang='lat' dir='ltr'><strong>Catonem</strong></span> <span class='ocrx_word' id='word_1_61' title='bbox 2222 564 2261 601; x_wconf 87' lang='lat' dir='ltr'><strong>et</strong></span> <span class='ocrx_word' id='word_1_62' title='bbox 2286 563 2413 615; x_wconf 86' lang='lat' dir='ltr'><strong>ipsum</strong></span> 
     </span>
     <span class='ocr_line' id='line_1_6' title="bbox 169 625 2413 677; baseline 0 -13"><span class='ocrx_word' id='word_1_63' title='bbox 169 625 379 676; x_wconf 86' lang='lat' dir='ltr'><strong>aliquando</strong></span> <span class='ocrx_word' id='word_1_64' title='bbox 407 627 468 666; x_wconf 87' lang='lat' dir='ltr'><strong>die</strong></span> <span class='ocrx_word' id='word_1_65' title='bbox 495 627 674 666; x_wconf 90' lang='lat' dir='ltr'><strong>edoctum</strong></span> <span class='ocrx_word' id='word_1_66' title='bbox 701 625 750 665; x_wconf 92' lang='lat' dir='ltr'><strong>ad</strong></span> <span class='ocrx_word' id='word_1_67' title='bbox 778 626 966 665; x_wconf 90' lang='lat' dir='ltr'><strong>veriorem</strong></span> <span class='ocrx_word' id='word_1_68' title='bbox 993 626 1185 665; x_wconf 92' lang='lat' dir='ltr'><strong>rationem</strong></span> <span class='ocrx_word' id='word_1_69' title='bbox 1211 627 1464 667; x_wconf 89' lang='lat' dir='ltr'><strong>transiturum</strong></span> <span class='ocrx_word' id='word_1_70' title='bbox 1492 639 1597 673; x_wconf 83' lang='lat' dir='ltr'><strong>esse;</strong></span> <span class='ocrx_word' id='word_1_71' title='bbox 1623 628 1789 677; x_wconf 90' lang='lat' dir='ltr'><strong>denique</strong></span> <span class='ocrx_word' id='word_1_72' title='bbox 1812 628 1923 677; x_wconf 80' lang='lat' dir='ltr'><strong>jubet</strong></span> <span class='ocrx_word' id='word_1_73' title='bbox 1940 637 2030 665; x_wconf 92' lang='lat' dir='ltr'><strong>eum</strong></span> <span class='ocrx_word' id='word_1_74' title='bbox 2058 626 2108 664; x_wconf 90' lang='lat' dir='ltr'><strong>ad</strong></span> <span class='ocrx_word' id='word_1_75' title='bbox 2134 625 2309 664; x_wconf 92' lang='lat' dir='ltr'><strong>homines</strong></span> <span class='ocrx_word' id='word_1_76' title='bbox 2337 627 2413 665; x_wconf 89' lang='lat' dir='ltr'><strong>cla-</strong></span> 
     </span>
     <span class='ocr_line' id='line_1_7' title="bbox 170 687 2415 741; baseline 0 -14"><span class='ocrx_word' id='word_1_77' title='bbox 170 689 346 727; x_wconf 90' lang='lat' dir='ltr'><strong>rissimos</strong></span> <span class='ocrx_word' id='word_1_78' title='bbox 373 690 582 740; x_wconf 87' lang='lat' dir='ltr'><strong>respicere,</strong></span> <span class='ocrx_word' id='word_1_79' title='bbox 618 689 682 737; x_wconf 90' lang='lat' dir='ltr'><strong>qui</strong></span> <span class='ocrx_word' id='word_1_80' title='bbox 715 688 785 726; x_wconf 90' lang='lat' dir='ltr'><strong>etsi</strong></span> <span class='ocrx_word' id='word_1_81' title='bbox 823 688 959 727; x_wconf 91' lang='lat' dir='ltr'><strong>eadem</strong></span> <span class='ocrx_word' id='word_1_82' title='bbox 986 687 1206 727; x_wconf 89' lang='lat' dir='ltr'><strong>Stoicorum</strong></span> <span class='ocrx_word' id='word_1_83' title='bbox 1234 688 1433 741; x_wconf 89' lang='lat' dir='ltr'><strong>disciplina</strong></span> <span class='ocrx_word' id='word_1_84' title='bbox 1465 691 1524 730; x_wconf 90' lang='lat' dir='ltr'><strong>usi</strong></span> <span class='ocrx_word' id='word_1_85' title='bbox 1552 690 1646 737; x_wconf 89' lang='lat' dir='ltr'><strong>sint,</strong></span> <span class='ocrx_word' id='word_1_86' title='bbox 1678 692 1808 730; x_wconf 87' lang='lat' dir='ltr'><strong>tamen</strong></span> <span class='ocrx_word' id='word_1_87' title='bbox 1834 688 1988 740; x_wconf 85' lang='lat' dir='ltr'><strong>egregia</strong></span> <span class='ocrx_word' id='word_1_88' title='bbox 2016 688 2141 727; x_wconf 91' lang='lat' dir='ltr'><strong>omnis</strong></span> <span class='ocrx_word' id='word_1_89' title='bbox 2167 688 2415 728; x_wconf 88' lang='lat' dir='ltr'><strong>humanitatis</strong></span> 
     </span>
     <span class='ocr_line' id='line_1_8' title="bbox 171 750 2416 801; baseline 0.001 -12"><span class='ocrx_word' id='word_1_90' title='bbox 171 751 349 801; x_wconf 87' lang='lat' dir='ltr'><strong>exempla</strong></span> <span class='ocrx_word' id='word_1_91' title='bbox 377 751 538 798; x_wconf 82' lang='lat' dir='ltr'><strong>fuerint,</strong></span> <span class='ocrx_word' id='word_1_92' title='bbox 565 751 615 789; x_wconf 87' lang='lat' dir='ltr'><strong>ad</strong></span> <span class='ocrx_word' id='word_1_93' title='bbox 640 750 861 800; x_wconf 88' lang='lat' dir='ltr'><strong>Scipionem</strong></span> <span class='ocrx_word' id='word_1_94' title='bbox 887 750 1115 789; x_wconf 84' lang='lat' dir='ltr'><strong>Africanum</strong></span> <span class='ocrx_word' id='word_1_95' title='bbox 1140 751 1344 800; x_wconf 86' lang='lat' dir='ltr'><strong>Minorem,</strong></span> <span class='ocrx_word' id='word_1_96' title='bbox 1372 754 1422 792; x_wconf 87' lang='lat' dir='ltr'><strong>ad</strong></span> <span class='ocrx_word' id='word_1_97' title='bbox 1448 753 1491 792; x_wconf 90' lang='lat' dir='ltr'><strong>L.</strong></span> <span class='ocrx_word' id='word_1_98' title='bbox 1519 753 1684 800; x_wconf 91' lang='lat' dir='ltr'><strong>Philum,</strong></span> <span class='ocrx_word' id='word_1_99' title='bbox 1712 752 1762 792; x_wconf 92' lang='lat' dir='ltr'><strong>ad</strong></span> <span class='ocrx_word' id='word_1_100' title='bbox 1790 751 1831 793; x_wconf 88' lang='lat' dir='ltr'><strong>C.</strong></span> <span class='ocrx_word' id='word_1_101' title='bbox 1860 750 2013 792; x_wconf 90' lang='lat' dir='ltr'><strong>Gallum</strong></span> <span class='ocrx_word' id='word_1_102' title='bbox 2040 753 2078 790; x_wconf 93' lang='lat' dir='ltr'><strong>et</strong></span> <span class='ocrx_word' id='word_1_103' title='bbox 2103 762 2196 790; x_wconf 87' lang='lat' dir='ltr'><strong>vero</strong></span> <span class='ocrx_word' id='word_1_104' title='bbox 2223 750 2340 790; x_wconf 90' lang='lat' dir='ltr'><strong>etiam</strong></span> <span class='ocrx_word' id='word_1_105' title='bbox 2366 751 2416 791; x_wconf 89' lang='lat' dir='ltr'><strong>ad</strong></span> 
     </span>
     <span class='ocr_line' id='line_1_9' title="bbox 169 812 2414 866; baseline -0.001 -12"><span class='ocrx_word' id='word_1_106' title='bbox 169 825 358 865; x_wconf 88' lang='lat' dir='ltr'><strong>proavum</strong></span> <span class='ocrx_word' id='word_1_107' title='bbox 392 815 527 865; x_wconf 80' lang='lat' dir='ltr'><strong>ipsiuS,</strong></span> <span class='ocrx_word' id='word_1_108' title='bbox 568 813 617 853; x_wconf 94' lang='lat' dir='ltr'><strong>ad</strong></span> <span class='ocrx_word' id='word_1_109' title='bbox 645 812 835 853; x_wconf 90' lang='lat' dir='ltr'><strong>Catonem</strong></span> <span class='ocrx_word' id='word_1_110' title='bbox 861 813 1074 864; x_wconf 77' lang='lat' dir='ltr'><strong>MaJorem,</strong></span> <span class='ocrx_word' id='word_1_111' title='bbox 1110 826 1224 864; x_wconf 90' lang='lat' dir='ltr'><strong>quem</strong></span> <span class='ocrx_word' id='word_1_112' title='bbox 1256 814 1339 865; x_wconf 89' lang='lat' dir='ltr'><strong>ipse</strong></span> <span class='ocrx_word' id='word_1_113' title='bbox 1366 816 1505 856; x_wconf 88' lang='lat' dir='ltr'><strong>dixerit</strong></span> <span class='ocrx_word' id='word_1_114' title='bbox 1536 817 1822 863; x_wconf 87' lang='lat' dir='ltr'><strong>„domesticum</strong></span> <span class='ocrx_word' id='word_1_115' title='bbox 1860 816 2078 866; x_wconf 86' lang='lat' dir='ltr'><strong>exemplum</strong></span> <span class='ocrx_word' id='word_1_116' title='bbox 2110 815 2161 853; x_wconf 90' lang='lat' dir='ltr'><strong>ad</strong></span> <span class='ocrx_word' id='word_1_117' title='bbox 2188 814 2414 853; x_wconf 87' lang='lat' dir='ltr'><strong>imitandum</strong></span> 
     </span>
     <span class='ocr_line' id='line_1_10' title="bbox 170 876 2415 929; baseline 0 -13"><span class='ocrx_word' id='word_1_118' title='bbox 170 879 241 916; x_wconf 89' lang='lat' dir='ltr'><strong>sibi</strong></span> <span class='ocrx_word' id='word_1_119' title='bbox 268 879 507 928; x_wconf 88' lang='lat' dir='ltr'><strong>propositum</strong></span> <span class='ocrx_word' id='word_1_120' title='bbox 518 881 553 923; x_wconf 79' lang='lat'><strong>,⁶⁴</strong></span> <span class='ocrx_word' id='word_1_121' title='bbox 586 877 694 926; x_wconf 83' lang='lat' dir='ltr'><strong>cujus</strong></span> <span class='ocrx_word' id='word_1_122' title='bbox 730 878 761 916; x_wconf 87' lang='lat' dir='ltr'><strong>si</strong></span> <span class='ocrx_word' id='word_1_123' title='bbox 789 878 1012 916; x_wconf 89' lang='lat' dir='ltr'><strong>comitatem</strong></span> <span class='ocrx_word' id='word_1_124' title='bbox 1044 878 1231 916; x_wconf 90' lang='lat' dir='ltr'><strong>severitati</strong></span> <span class='ocrx_word' id='word_1_125' title='bbox 1262 888 1356 916; x_wconf 92' lang='lat' dir='ltr'><strong>suae</strong></span> <span class='ocrx_word' id='word_1_126' title='bbox 1391 878 1623 929; x_wconf 88' lang='lat' dir='ltr'><strong>adsperserit</strong></span> <span class='ocrx_word' id='word_1_127' title='bbox 1650 878 1765 925; x_wconf 89' lang='lat' dir='ltr'><strong>Cat0,</strong></span> <span class='ocrx_word' id='word_1_128' title='bbox 1802 878 1904 926; x_wconf 88' lang='lat' dir='ltr'><strong>illas,</strong></span> <span class='ocrx_word' id='word_1_129' title='bbox 1937 888 2037 929; x_wconf 90' lang='lat' dir='ltr'><strong>quae</strong></span> <span class='ocrx_word' id='word_1_130' title='bbox 2066 888 2171 916; x_wconf 91' lang='lat' dir='ltr'><strong>nunc</strong></span> <span class='ocrx_word' id='word_1_131' title='bbox 2195 878 2236 916; x_wconf 90' lang='lat' dir='ltr'><strong>in</strong></span> <span class='ocrx_word' id='word_1_132' title='bbox 2262 887 2310 916; x_wconf 94' lang='lat' dir='ltr'><strong>eo</strong></span> <span class='ocrx_word' id='word_1_133' title='bbox 2338 876 2415 916; x_wconf 89' lang='lat' dir='ltr'><strong>sint</strong></span> 
     </span>
     <span class='ocr_line' id='line_1_11' title="bbox 169 939 2412 992; baseline 0.001 -14"><span class='ocrx_word' id='word_1_134' title='bbox 169 941 345 987; x_wconf 88' lang='lat' dir='ltr'><strong>virtutes,</strong></span> <span class='ocrx_word' id='word_1_135' title='bbox 380 951 459 979; x_wconf 92' lang='lat' dir='ltr'><strong>non</strong></span> <span class='ocrx_word' id='word_1_136' title='bbox 495 939 650 988; x_wconf 90' lang='lat' dir='ltr'><strong>quidem</strong></span> <span class='ocrx_word' id='word_1_137' title='bbox 678 939 845 988; x_wconf 86' lang='lat' dir='ltr'><strong>majores</strong></span> <span class='ocrx_word' id='word_1_138' title='bbox 873 939 1022 978; x_wconf 84' lang='lat' dir='ltr'><strong>futuras</strong></span> <span class='ocrx_word' id='word_1_139' title='bbox 1050 951 1151 985; x_wconf 91' lang='lat' dir='ltr'><strong>esse,</strong></span> <span class='ocrx_word' id='word_1_140' title='bbox 1185 940 1250 979; x_wconf 89' lang='lat' dir='ltr'><strong>sed</strong></span> <span class='ocrx_word' id='word_1_141' title='bbox 1284 943 1415 979; x_wconf 89' lang='lat' dir='ltr'><strong>tamen</strong></span> <span class='ocrx_word' id='word_1_142' title='bbox 1449 941 1624 982; x_wconf 89' lang='lat' dir='ltr'><strong>conditas</strong></span> <span class='ocrx_word' id='word_1_143' title='bbox 1647 941 1866 992; x_wconf 89' lang='lat' dir='ltr'><strong>jucundius.</strong></span> <span class='ocrx_word' id='word_1_144' title='bbox 1918 942 2111 991; x_wconf 84' lang='lat' dir='ltr'><strong>Apparet,</strong></span> <span class='ocrx_word' id='word_1_145' title='bbox 2142 939 2217 979; x_wconf 92' lang='lat' dir='ltr'><strong>hac</strong></span> <span class='ocrx_word' id='word_1_146' title='bbox 2248 951 2412 992; x_wconf 84' lang='lat' dir='ltr'><strong>praepo·</strong></span> 
     </span>
     <span class='ocr_line' id='line_1_12' title="bbox 169 1001 2161 1053; baseline -0.001 -9"><span class='ocrx_word' id='word_1_147' title='bbox 169 1005 258 1043; x_wconf 90' lang='lat' dir='ltr'><strong>steri</strong></span> <span class='ocrx_word' id='word_1_148' title='bbox 286 1003 463 1053; x_wconf 88' lang='lat' dir='ltr'><strong>sapientis</strong></span> <span class='ocrx_word' id='word_1_149' title='bbox 491 1001 608 1040; x_wconf 90' lang='lat' dir='ltr'><strong>Stoici</strong></span> <span class='ocrx_word' id='word_1_150' title='bbox 636 1001 805 1051; x_wconf 83' lang='lat' dir='ltr'><strong>imagine</strong></span> <span class='ocrx_word' id='word_1_151' title='bbox 830 1002 1031 1052; x_wconf 89' lang='lat' dir='ltr'><strong>proposita</strong></span> <span class='ocrx_word' id='word_1_152' title='bbox 1058 1004 1244 1052; x_wconf 92' lang='lat' dir='ltr'><strong>quantum</strong></span> <span class='ocrx_word' id='word_1_153' title='bbox 1278 1002 1326 1042; x_wconf 91' lang='lat' dir='ltr'><strong>de</strong></span> <span class='ocrx_word' id='word_1_154' title='bbox 1353 1005 1583 1044; x_wconf 87' lang='lat' dir='ltr'><strong>auctoritate</strong></span> <span class='ocrx_word' id='word_1_155' title='bbox 1611 1004 1768 1045; x_wconf 91' lang='lat' dir='ltr'><strong>Catonis</strong></span> <span class='ocrx_word' id='word_1_156' title='bbox 1795 1004 2010 1044; x_wconf 88' lang='lat' dir='ltr'><strong>detractum</strong></span> <span class='ocrx_word' id='word_1_157' title='bbox 2037 1004 2161 1042; x_wconf 79' lang='lat' dir='ltr'><strong>fuerit.</strong></span> 
     </span>
    </p>

    <p class='ocr_par' dir='ltr' id='par_1_4' title="bbox 166 1063 2417 1869">
     <span class='ocr_line' id='line_1_13' title="bbox 357 1063 2413 1116; baseline 0 -12"><span class='ocrx_word' id='word_1_158' title='bbox 357 1066 498 1104; x_wconf 88' lang='lat' dir='ltr'><strong>Totum</strong></span> <span class='ocrx_word' id='word_1_159' title='bbox 516 1065 621 1102; x_wconf 93' lang='lat' dir='ltr'><strong>hunc</strong></span> <span class='ocrx_word' id='word_1_160' title='bbox 640 1064 782 1109; x_wconf 92' lang='lat' dir='ltr'><strong>locum,</strong></span> <span class='ocrx_word' id='word_1_161' title='bbox 811 1064 876 1113; x_wconf 91' lang='lat' dir='ltr'><strong>qui</strong></span> <span class='ocrx_word' id='word_1_162' title='bbox 897 1064 935 1102; x_wconf 94' lang='lat' dir='ltr'><strong>id</strong></span> <span class='ocrx_word' id='word_1_163' title='bbox 954 1065 1051 1114; x_wconf 88' lang='lat' dir='ltr'><strong>agit,</strong></span> <span class='ocrx_word' id='word_1_164' title='bbox 1088 1075 1137 1103; x_wconf 92' lang='lat' dir='ltr'><strong>ne</strong></span> <span class='ocrx_word' id='word_1_165' title='bbox 1158 1063 1246 1113; x_wconf 92' lang='lat' dir='ltr'><strong>quid</strong></span> <span class='ocrx_word' id='word_1_166' title='bbox 1263 1075 1332 1103; x_wconf 93' lang='lat' dir='ltr'><strong>reo</strong></span> <span class='ocrx_word' id='word_1_167' title='bbox 1352 1065 1452 1104; x_wconf 92' lang='lat' dir='ltr'><strong>obsit</strong></span> <span class='ocrx_word' id='word_1_168' title='bbox 1469 1067 1681 1106; x_wconf 86' lang='lat' dir='ltr'><strong>auctoritas</strong></span> <span class='ocrx_word' id='word_1_169' title='bbox 1700 1066 1877 1114; x_wconf 89' lang='lat' dir='ltr'><strong>Catonis,</strong></span> <span class='ocrx_word' id='word_1_170' title='bbox 1903 1066 1962 1105; x_wconf 92' lang='lat' dir='ltr'><strong>his</strong></span> <span class='ocrx_word' id='word_1_171' title='bbox 1980 1066 2157 1116; x_wconf 90' lang='lat' dir='ltr'><strong>gravibus</strong></span> <span class='ocrx_word' id='word_1_172' title='bbox 2176 1065 2300 1105; x_wconf 91' lang='lat' dir='ltr'><strong>verbis</strong></span> <span class='ocrx_word' id='word_1_173' title='bbox 2321 1075 2413 1104; x_wconf 90' lang='lat' dir='ltr'><strong>con-</strong></span> 
     </span>
     <span class='ocr_line' id='line_1_14' title="bbox 170 1126 2414 1180; baseline -0 -12"><span class='ocrx_word' id='word_1_174' title='bbox 170 1129 286 1168; x_wconf 92' lang='lat' dir='ltr'><strong>cludit</strong></span> <span class='ocrx_word' id='word_1_175' title='bbox 312 1130 463 1167; x_wconf 84' lang='lat' dir='ltr'><strong>orator:</strong></span> <span class='ocrx_word' id='word_1_176' title='bbox 509 1137 619 1176; x_wconf 83' lang='lat' dir='ltr'><strong>„qua</strong></span> <span class='ocrx_word' id='word_1_177' title='bbox 652 1138 697 1165; x_wconf 89' lang='lat' dir='ltr'><strong>re</strong></span> <span class='ocrx_word' id='word_1_178' title='bbox 728 1126 821 1165; x_wconf 90' lang='lat' dir='ltr'><strong>tolle</strong></span> <span class='ocrx_word' id='word_1_179' title='bbox 856 1126 950 1166; x_wconf 90' lang='lat' dir='ltr'><strong>mihi</strong></span> <span class='ocrx_word' id='word_1_180' title='bbox 986 1138 1007 1166; x_wconf 96' lang='lat' dir='ltr'><strong>e</strong></span> <span class='ocrx_word' id='word_1_181' title='bbox 1042 1137 1159 1166; x_wconf 90' lang='lat' dir='ltr'><strong>causa</strong></span> <span class='ocrx_word' id='word_1_182' title='bbox 1192 1138 1333 1166; x_wconf 91' lang='lat' dir='ltr'><strong>nomen</strong></span> <span class='ocrx_word' id='word_1_183' title='bbox 1363 1127 1538 1175; x_wconf 87' lang='lat' dir='ltr'><strong>Catonis;</strong></span> <span class='ocrx_word' id='word_1_184' title='bbox 1572 1141 1729 1169; x_wconf 89' lang='lat' dir='ltr'><strong>remove</strong></span> <span class='ocrx_word' id='word_1_185' title='bbox 1761 1140 1808 1168; x_wconf 91' lang='lat' dir='ltr'><strong>ac</strong></span> <span class='ocrx_word' id='word_1_186' title='bbox 1840 1130 2104 1180; x_wconf 89' lang='lat' dir='ltr'><strong>praetermitte</strong></span> <span class='ocrx_word' id='word_1_187' title='bbox 2131 1129 2414 1174; x_wconf 90' lang='lat' dir='ltr'><strong>auctoritatem,</strong></span> 
     </span>
     <span class='ocr_line' id='line_1_15' title="bbox 169 1190 2414 1242; baseline -0 -12"><span class='ocrx_word' id='word_1_188' title='bbox 169 1202 267 1241; x_wconf 87' lang='lat' dir='ltr'><strong>quae</strong></span> <span class='ocrx_word' id='word_1_189' title='bbox 293 1192 333 1230; x_wconf 92' lang='lat' dir='ltr'><strong>in</strong></span> <span class='ocrx_word' id='word_1_190' title='bbox 357 1190 508 1241; x_wconf 83' lang='lat' dir='ltr'><strong>judiciis</strong></span> <span class='ocrx_word' id='word_1_191' title='bbox 536 1192 605 1229; x_wconf 92' lang='lat' dir='ltr'><strong>aut</strong></span> <span class='ocrx_word' id='word_1_192' title='bbox 632 1190 724 1228; x_wconf 91' lang='lat' dir='ltr'><strong>nihil</strong></span> <span class='ocrx_word' id='word_1_193' title='bbox 752 1190 880 1229; x_wconf 89' lang='lat' dir='ltr'><strong>valere</strong></span> <span class='ocrx_word' id='word_1_194' title='bbox 906 1192 976 1229; x_wconf 90' lang='lat' dir='ltr'><strong>aut</strong></span> <span class='ocrx_word' id='word_1_195' title='bbox 1003 1190 1051 1229; x_wconf 87' lang='lat' dir='ltr'><strong>ad</strong></span> <span class='ocrx_word' id='word_1_196' title='bbox 1080 1190 1239 1229; x_wconf 93' lang='lat' dir='ltr'><strong>salutem</strong></span> <span class='ocrx_word' id='word_1_197' title='bbox 1269 1190 1383 1230; x_wconf 90' lang='lat' dir='ltr'><strong>debet</strong></span> <span class='ocrx_word' id='word_1_198' title='bbox 1409 1192 1558 1238; x_wconf 87' lang='lat' dir='ltr'><strong>valere;</strong></span> <span class='ocrx_word' id='word_1_199' title='bbox 1592 1193 1828 1242; x_wconf 82' lang='lat' dir='ltr'><strong>congredere</strong></span> <span class='ocrx_word' id='word_1_200' title='bbox 1855 1203 2009 1231; x_wconf 90' lang='lat' dir='ltr'><strong>mecum</strong></span> <span class='ocrx_word' id='word_1_201' title='bbox 2038 1192 2260 1230; x_wconf 87' lang='lat' dir='ltr'><strong>criminibus</strong></span> <span class='ocrx_word' id='word_1_202' title='bbox 2286 1191 2414 1240; x_wconf 86' lang='lat' dir='ltr'><strong>ipsis.“</strong></span> 
     </span>
     <span class='ocr_line' id='line_1_16' title="bbox 168 1251 2415 1306; baseline 0 -13"><span class='ocrx_word' id='word_1_203' title='bbox 168 1255 236 1293; x_wconf 89' lang='lat' dir='ltr'><strong>His</strong></span> <span class='ocrx_word' id='word_1_204' title='bbox 270 1254 396 1293; x_wconf 74' lang='lat' dir='ltr'><strong>verbis</strong></span> <span class='ocrx_word' id='word_1_205' title='bbox 432 1256 545 1303; x_wconf 90' lang='lat' dir='ltr'><strong>parat</strong></span> <span class='ocrx_word' id='word_1_206' title='bbox 582 1254 653 1292; x_wconf 89' lang='lat' dir='ltr'><strong>sibi</strong></span> <span class='ocrx_word' id='word_1_207' title='bbox 682 1251 818 1292; x_wconf 88' lang='lat' dir='ltr'><strong>Cicero</strong></span> <span class='ocrx_word' id='word_1_208' title='bbox 854 1252 1062 1291; x_wconf 91' lang='lat' dir='ltr'><strong>transitum</strong></span> <span class='ocrx_word' id='word_1_209' title='bbox 1098 1252 1149 1291; x_wconf 91' lang='lat' dir='ltr'><strong>ad</strong></span> <span class='ocrx_word' id='word_1_210' title='bbox 1174 1252 1332 1291; x_wconf 89' lang='lat' dir='ltr'><strong>alteram</strong></span> <span class='ocrx_word' id='word_1_211' title='bbox 1359 1256 1510 1304; x_wconf 90' lang='lat' dir='ltr'><strong>partem</strong></span> <span class='ocrx_word' id='word_1_212' title='bbox 1536 1254 1651 1306; x_wconf 88' lang='lat' dir='ltr'><strong>hujus</strong></span> <span class='ocrx_word' id='word_1_213' title='bbox 1686 1255 1727 1295; x_wconf 92' lang='lat' dir='ltr'><strong>in</strong></span> <span class='ocrx_word' id='word_1_214' title='bbox 1755 1254 1942 1295; x_wconf 89' lang='lat' dir='ltr'><strong>Catonem</strong></span> <span class='ocrx_word' id='word_1_215' title='bbox 1969 1255 2136 1295; x_wconf 88' lang='lat' dir='ltr'><strong>directae</strong></span> <span class='ocrx_word' id='word_1_216' title='bbox 2162 1254 2415 1300; x_wconf 83' lang='lat' dir='ltr'><strong>refutationis,</strong></span> 
     </span>
     <span class='ocr_line' id='line_1_17' title="bbox 169 1316 2417 1367; baseline 0 -11"><span class='ocrx_word' id='word_1_217' title='bbox 169 1328 245 1367; x_wconf 87' lang='lat' dir='ltr'><strong>qua</strong></span> <span class='ocrx_word' id='word_1_218' title='bbox 272 1317 491 1363; x_wconf 90' lang='lat' dir='ltr'><strong>contendit,</strong></span> <span class='ocrx_word' id='word_1_219' title='bbox 520 1317 703 1362; x_wconf 88' lang='lat' dir='ltr'><strong>crimina,</strong></span> <span class='ocrx_word' id='word_1_220' title='bbox 739 1327 839 1365; x_wconf 91' lang='lat' dir='ltr'><strong>quae</strong></span> <span class='ocrx_word' id='word_1_221' title='bbox 867 1316 964 1355; x_wconf 91' lang='lat' dir='ltr'><strong>Cato</strong></span> <span class='ocrx_word' id='word_1_222' title='bbox 991 1316 1181 1355; x_wconf 89' lang='lat' dir='ltr'><strong>Murenae</strong></span> <span class='ocrx_word' id='word_1_223' title='bbox 1207 1317 1405 1365; x_wconf 88' lang='lat' dir='ltr'><strong>objecerit,</strong></span> <span class='ocrx_word' id='word_1_224' title='bbox 1441 1328 1522 1356; x_wconf 93' lang='lat' dir='ltr'><strong>non</strong></span> <span class='ocrx_word' id='word_1_225' title='bbox 1548 1328 1641 1357; x_wconf 91' lang='lat' dir='ltr'><strong>vera</strong></span> <span class='ocrx_word' id='word_1_226' title='bbox 1667 1329 1770 1362; x_wconf 89' lang='lat' dir='ltr'><strong>esse;</strong></span> <span class='ocrx_word' id='word_1_227' title='bbox 1799 1318 1893 1356; x_wconf 91' lang='lat' dir='ltr'><strong>nihil</strong></span> <span class='ocrx_word' id='word_1_228' title='bbox 1919 1319 2073 1358; x_wconf 90' lang='lat' dir='ltr'><strong>illorum</strong></span> <span class='ocrx_word' id='word_1_229' title='bbox 2104 1319 2153 1356; x_wconf 88' lang='lat' dir='ltr'><strong>ab</strong></span> <span class='ocrx_word' id='word_1_230' title='bbox 2182 1329 2228 1357; x_wconf 91' lang='lat' dir='ltr'><strong>eo</strong></span> <span class='ocrx_word' id='word_1_231' title='bbox 2257 1318 2417 1357; x_wconf 90' lang='lat' dir='ltr'><strong>demon·</strong></span> 
     </span>
     <span class='ocr_line' id='line_1_18' title="bbox 168 1378 2417 1429; baseline -0 -10"><span class='ocrx_word' id='word_1_232' title='bbox 168 1383 332 1419; x_wconf 89' lang='lat' dir='ltr'><strong>stratum</strong></span> <span class='ocrx_word' id='word_1_233' title='bbox 360 1391 462 1425; x_wconf 84' lang='lat' dir='ltr'><strong>esse;</strong></span> <span class='ocrx_word' id='word_1_234' title='bbox 505 1380 575 1417; x_wconf 89' lang='lat' dir='ltr'><strong>niti</strong></span> <span class='ocrx_word' id='word_1_235' title='bbox 604 1389 651 1417; x_wconf 92' lang='lat' dir='ltr'><strong>ea</strong></span> <span class='ocrx_word' id='word_1_236' title='bbox 679 1379 812 1417; x_wconf 91' lang='lat' dir='ltr'><strong>omnia</strong></span> <span class='ocrx_word' id='word_1_237' title='bbox 850 1379 890 1417; x_wconf 91' lang='lat' dir='ltr'><strong>in</strong></span> <span class='ocrx_word' id='word_1_238' title='bbox 918 1378 1014 1418; x_wconf 83' lang='lat' dir='ltr'><strong>falsa</strong></span> <span class='ocrx_word' id='word_1_239' title='bbox 1040 1390 1193 1424; x_wconf 90' lang='lat' dir='ltr'><strong>rerum,</strong></span> <span class='ocrx_word' id='word_1_240' title='bbox 1229 1390 1329 1428; x_wconf 89' lang='lat' dir='ltr'><strong>quae</strong></span> <span class='ocrx_word' id='word_1_241' title='bbox 1363 1380 1505 1418; x_wconf 91' lang='lat' dir='ltr'><strong>liceant</strong></span> <span class='ocrx_word' id='word_1_242' title='bbox 1538 1381 1640 1426; x_wconf 86' lang='lat' dir='ltr'><strong>fieri,</strong></span> <span class='ocrx_word' id='word_1_243' title='bbox 1677 1380 2017 1429; x_wconf 89' lang='lat' dir='ltr'><strong>interpretatione;</strong></span> <span class='ocrx_word' id='word_1_244' title='bbox 2057 1379 2244 1419; x_wconf 89' lang='lat' dir='ltr'><strong>Catonem</strong></span> <span class='ocrx_word' id='word_1_245' title='bbox 2276 1379 2417 1425; x_wconf 89' lang='lat' dir='ltr'><strong>dicere,</strong></span> 
     </span>
     <span class='ocr_line' id='line_1_19' title="bbox 166 1440 2417 1494; baseline -0 -12"><span class='ocrx_word' id='word_1_246' title='bbox 166 1443 357 1482; x_wconf 90' lang='lat' dir='ltr'><strong>Murenae</strong></span> <span class='ocrx_word' id='word_1_247' title='bbox 391 1442 534 1481; x_wconf 89' lang='lat' dir='ltr'><strong>multos</strong></span> <span class='ocrx_word' id='word_1_248' title='bbox 563 1442 715 1481; x_wconf 88' lang='lat' dir='ltr'><strong>obviam</strong></span> <span class='ocrx_word' id='word_1_249' title='bbox 743 1440 931 1492; x_wconf 89' lang='lat' dir='ltr'><strong>prodiisse</strong></span> <span class='ocrx_word' id='word_1_250' title='bbox 966 1441 1014 1481; x_wconf 93' lang='lat' dir='ltr'><strong>de</strong></span> <span class='ocrx_word' id='word_1_251' title='bbox 1046 1442 1239 1493; x_wconf 89' lang='lat' dir='ltr'><strong>provincia</strong></span> <span class='ocrx_word' id='word_1_252' title='bbox 1270 1441 1489 1490; x_wconf 89' lang='lat' dir='ltr'><strong>decedenti,</strong></span> <span class='ocrx_word' id='word_1_253' title='bbox 1524 1441 1767 1483; x_wconf 90' lang='lat' dir='ltr'><strong>consulatum</strong></span> <span class='ocrx_word' id='word_1_254' title='bbox 1793 1443 1950 1494; x_wconf 89' lang='lat' dir='ltr'><strong>petenti.</strong></span> <span class='ocrx_word' id='word_1_255' title='bbox 2004 1441 2164 1492; x_wconf 88' lang='lat' dir='ltr'><strong>Subjicit</strong></span> <span class='ocrx_word' id='word_1_256' title='bbox 2191 1441 2345 1489; x_wconf 90' lang='lat' dir='ltr'><strong>Cicero,</strong></span> <span class='ocrx_word' id='word_1_257' title='bbox 2378 1442 2417 1482; x_wconf 92' lang='lat' dir='ltr'><strong>id</strong></span> 
     </span>
     <span class='ocr_line' id='line_1_20' title="bbox 167 1503 2417 1553; baseline -0 -10"><span class='ocrx_word' id='word_1_258' title='bbox 167 1507 251 1544; x_wconf 86' lang='lat' dir='ltr'><strong>fieri</strong></span> <span class='ocrx_word' id='word_1_259' title='bbox 279 1507 423 1549; x_wconf 89' lang='lat' dir='ltr'><strong>solere;</strong></span> <span class='ocrx_word' id='word_1_260' title='bbox 459 1505 650 1543; x_wconf 89' lang='lat' dir='ltr'><strong>Catonem</strong></span> <span class='ocrx_word' id='word_1_261' title='bbox 678 1506 826 1549; x_wconf 90' lang='lat' dir='ltr'><strong>dicere,</strong></span> <span class='ocrx_word' id='word_1_262' title='bbox 851 1506 994 1542; x_wconf 91' lang='lat' dir='ltr'><strong>multos</strong></span> <span class='ocrx_word' id='word_1_263' title='bbox 1022 1516 1112 1542; x_wconf 90' lang='lat' dir='ltr'><strong>eum</strong></span> <span class='ocrx_word' id='word_1_264' title='bbox 1139 1509 1302 1543; x_wconf 89' lang='lat' dir='ltr'><strong>sectatos</strong></span> <span class='ocrx_word' id='word_1_265' title='bbox 1328 1515 1430 1548; x_wconf 86' lang='lat' dir='ltr'><strong>esse;</strong></span> <span class='ocrx_word' id='word_1_266' title='bbox 1467 1505 1685 1553; x_wconf 85' lang='lat' dir='ltr'><strong>spectacula</strong></span> <span class='ocrx_word' id='word_1_267' title='bbox 1712 1516 1796 1543; x_wconf 91' lang='lat' dir='ltr'><strong>esse</strong></span> <span class='ocrx_word' id='word_1_268' title='bbox 1827 1506 1877 1543; x_wconf 90' lang='lat' dir='ltr'><strong>ab</strong></span> <span class='ocrx_word' id='word_1_269' title='bbox 1911 1515 1958 1542; x_wconf 92' lang='lat' dir='ltr'><strong>eo</strong></span> <span class='ocrx_word' id='word_1_270' title='bbox 1984 1504 2157 1542; x_wconf 86' lang='lat' dir='ltr'><strong>tributim</strong></span> <span class='ocrx_word' id='word_1_271' title='bbox 2186 1504 2276 1542; x_wconf 87' lang='lat' dir='ltr'><strong>data</strong></span> <span class='ocrx_word' id='word_1_272' title='bbox 2302 1506 2342 1542; x_wconf 84' lang='lat' dir='ltr'><strong>et</strong></span> <span class='ocrx_word' id='word_1_273' title='bbox 2367 1503 2417 1542; x_wconf 86' lang='lat' dir='ltr'><strong>ad</strong></span> 
     </span>
     <span class='ocr_line' id='line_1_21' title="bbox 169 1565 2416 1619; baseline -0.001 -11"><span class='ocrx_word' id='word_1_274' title='bbox 169 1568 374 1619; x_wconf 86' lang='lat' dir='ltr'><strong>prandium</strong></span> <span class='ocrx_word' id='word_1_275' title='bbox 404 1567 519 1618; x_wconf 79' lang='lat' dir='ltr'><strong>vulgo</strong></span> <span class='ocrx_word' id='word_1_276' title='bbox 553 1568 732 1613; x_wconf 86' lang='lat' dir='ltr'><strong>vocatos;</strong></span> <span class='ocrx_word' id='word_1_277' title='bbox 769 1565 873 1606; x_wconf 91' lang='lat' dir='ltr'><strong>idem</strong></span> <span class='ocrx_word' id='word_1_278' title='bbox 907 1578 931 1606; x_wconf 90' lang='lat' dir='ltr'><strong>a</strong></span> <span class='ocrx_word' id='word_1_279' title='bbox 965 1566 1070 1607; x_wconf 79' lang='lat' dir='ltr'><strong>Serv.</strong></span> <span class='ocrx_word' id='word_1_280' title='bbox 1107 1566 1273 1618; x_wconf 89' lang='lat' dir='ltr'><strong>Sulpicio</strong></span> <span class='ocrx_word' id='word_1_281' title='bbox 1300 1567 1491 1607; x_wconf 90' lang='lat' dir='ltr'><strong>Murenae</strong></span> <span class='ocrx_word' id='word_1_282' title='bbox 1526 1568 1676 1607; x_wconf 89' lang='lat' dir='ltr'><strong>crimini</strong></span> <span class='ocrx_word' id='word_1_283' title='bbox 1712 1568 1845 1607; x_wconf 87' lang='lat' dir='ltr'><strong>datum</strong></span> <span class='ocrx_word' id='word_1_284' title='bbox 1871 1579 1967 1607; x_wconf 90' lang='lat' dir='ltr'><strong>esse.</strong></span> <span class='ocrx_word' id='word_1_285' title='bbox 2019 1567 2243 1617; x_wconf 88' lang='lat' dir='ltr'><strong>Respondet</strong></span> <span class='ocrx_word' id='word_1_286' title='bbox 2268 1566 2416 1612; x_wconf 91' lang='lat' dir='ltr'><strong>Cicero,</strong></span> 
     </span>
     <span class='ocr_line' id='line_1_22' title="bbox 169 1628 2417 1684; baseline -0.001 -14"><span class='ocrx_word' id='word_1_287' title='bbox 169 1636 353 1670; x_wconf 86' lang='lat' dir='ltr'><strong>neutrum</strong></span> <span class='ocrx_word' id='word_1_288' title='bbox 391 1641 530 1670; x_wconf 93' lang='lat' dir='ltr'><strong>eorum</strong></span> <span class='ocrx_word' id='word_1_289' title='bbox 564 1630 801 1678; x_wconf 88' lang='lat' dir='ltr'><strong>argumentis</strong></span> <span class='ocrx_word' id='word_1_290' title='bbox 833 1630 1001 1679; x_wconf 90' lang='lat' dir='ltr'><strong>probare</strong></span> <span class='ocrx_word' id='word_1_291' title='bbox 1034 1630 1072 1668; x_wconf 91' lang='lat' dir='ltr'><strong>id</strong></span> <span class='ocrx_word' id='word_1_292' title='bbox 1105 1632 1285 1681; x_wconf 89' lang='lat' dir='ltr'><strong>potuisse.</strong></span> <span class='ocrx_word' id='word_1_293' title='bbox 1348 1630 1482 1684; x_wconf 85' lang='lat' dir='ltr'><strong>Cicero</strong></span> <span class='ocrx_word' id='word_1_294' title='bbox 1516 1630 1630 1680; x_wconf 89' lang='lat' dir='ltr'><strong>igitur</strong></span> <span class='ocrx_word' id='word_1_295' title='bbox 1662 1629 1721 1669; x_wconf 92' lang='lat' dir='ltr'><strong>his</strong></span> <span class='ocrx_word' id='word_1_296' title='bbox 1750 1630 1890 1669; x_wconf 90' lang='lat' dir='ltr'><strong>iterum</strong></span> <span class='ocrx_word' id='word_1_297' title='bbox 1918 1628 2104 1669; x_wconf 89' lang='lat' dir='ltr'><strong>Catonem</strong></span> <span class='ocrx_word' id='word_1_298' title='bbox 2140 1629 2257 1669; x_wconf 86' lang='lat' dir='ltr'><strong>falsae</strong></span> <span class='ocrx_word' id='word_1_299' title='bbox 2290 1630 2417 1679; x_wconf 90' lang='lat' dir='ltr'><strong>arguit</strong></span> 
     </span>
     <span class='ocr_line' id='line_1_23' title="bbox 168 1691 2415 1743; baseline -0.001 -9"><span class='ocrx_word' id='word_1_300' title='bbox 168 1695 446 1739; x_wconf 85' lang='lat' dir='ltr'><strong>accusationis,</strong></span> <span class='ocrx_word' id='word_1_301' title='bbox 480 1703 557 1742; x_wconf 90' lang='lat' dir='ltr'><strong>qua</strong></span> <span class='ocrx_word' id='word_1_302' title='bbox 584 1692 754 1730; x_wconf 89' lang='lat' dir='ltr'><strong>odiosius</strong></span> <span class='ocrx_word' id='word_1_303' title='bbox 787 1702 879 1730; x_wconf 90' lang='lat' dir='ltr'><strong>sane</strong></span> <span class='ocrx_word' id='word_1_304' title='bbox 907 1693 999 1730; x_wconf 90' lang='lat' dir='ltr'><strong>nihil</strong></span> <span class='ocrx_word' id='word_1_305' title='bbox 1035 1704 1117 1731; x_wconf 88' lang='lat' dir='ltr'><strong>esse</strong></span> <span class='ocrx_word' id='word_1_306' title='bbox 1144 1696 1281 1743; x_wconf 88' lang='lat' dir='ltr'><strong>potest.</strong></span> <span class='ocrx_word' id='word_1_307' title='bbox 1335 1692 1483 1732; x_wconf 88' lang='lat' dir='ltr'><strong>Deinde</strong></span> <span class='ocrx_word' id='word_1_308' title='bbox 1511 1691 1646 1732; x_wconf 90' lang='lat' dir='ltr'><strong>Catoni</strong></span> <span class='ocrx_word' id='word_1_309' title='bbox 1679 1692 1828 1742; x_wconf 91' lang='lat' dir='ltr'><strong>objicit,</strong></span> <span class='ocrx_word' id='word_1_310' title='bbox 1867 1692 1973 1742; x_wconf 90' lang='lat' dir='ltr'><strong>quod</strong></span> <span class='ocrx_word' id='word_1_311' title='bbox 2004 1691 2225 1731; x_wconf 91' lang='lat' dir='ltr'><strong>hominibus</strong></span> <span class='ocrx_word' id='word_1_312' title='bbox 2260 1691 2415 1732; x_wconf 84' lang='lat' dir='ltr'><strong>inferio-</strong></span> 
     </span>
     <span class='ocr_line' id='line_1_24' title="bbox 169 1755 2410 1806; baseline -0.001 -10"><span class='ocrx_word' id='word_1_313' title='bbox 169 1759 219 1796; x_wconf 90' lang='lat' dir='ltr'><strong>ris</strong></span> <span class='ocrx_word' id='word_1_314' title='bbox 248 1757 394 1796; x_wconf 91' lang='lat' dir='ltr'><strong>ordinis</strong></span> <span class='ocrx_word' id='word_1_315' title='bbox 422 1756 668 1795; x_wconf 90' lang='lat' dir='ltr'><strong>occasionem</strong></span> <span class='ocrx_word' id='word_1_316' title='bbox 695 1755 867 1793; x_wconf 89' lang='lat' dir='ltr'><strong>adimere</strong></span> <span class='ocrx_word' id='word_1_317' title='bbox 894 1755 1000 1802; x_wconf 89' lang='lat' dir='ltr'><strong>velit,</strong></span> <span class='ocrx_word' id='word_1_318' title='bbox 1034 1767 1111 1805; x_wconf 91' lang='lat' dir='ltr'><strong>qua</strong></span> <span class='ocrx_word' id='word_1_319' title='bbox 1138 1767 1179 1794; x_wconf 93' lang='lat' dir='ltr'><strong>se</strong></span> <span class='ocrx_word' id='word_1_320' title='bbox 1206 1759 1336 1806; x_wconf 88' lang='lat' dir='ltr'><strong>gratos</strong></span> <span class='ocrx_word' id='word_1_321' title='bbox 1363 1756 1549 1806; x_wconf 91' lang='lat' dir='ltr'><strong>praebere</strong></span> <span class='ocrx_word' id='word_1_322' title='bbox 1575 1756 1724 1806; x_wconf 89' lang='lat' dir='ltr'><strong>possint</strong></span> <span class='ocrx_word' id='word_1_323' title='bbox 1751 1755 2021 1800; x_wconf 82' lang='lat' dir='ltr'><strong>nobilioribus:</strong></span> <span class='ocrx_word' id='word_1_324' title='bbox 2060 1755 2127 1794; x_wconf 90' lang='lat' dir='ltr'><strong>sed</strong></span> <span class='ocrx_word' id='word_1_325' title='bbox 2153 1755 2254 1794; x_wconf 92' lang='lat' dir='ltr'><strong>hanc</strong></span> <span class='ocrx_word' id='word_1_326' title='bbox 2289 1765 2314 1794; x_wconf 91' lang='lat' dir='ltr'><strong>a</strong></span> <span class='ocrx_word' id='word_1_327' title='bbox 2340 1765 2410 1795; x_wconf 90' lang='lat' dir='ltr'><strong>na-</strong></span> 
     </span>
     <span class='ocr_line' id='line_1_25' title="bbox 170 1818 1555 1869; baseline -0.001 -10"><span class='ocrx_word' id='word_1_328' title='bbox 170 1824 258 1860; x_wconf 90' lang='lat' dir='ltr'><strong>tura</strong></span> <span class='ocrx_word' id='word_1_329' title='bbox 284 1820 508 1859; x_wconf 91' lang='lat' dir='ltr'><strong>hominibus</strong></span> <span class='ocrx_word' id='word_1_330' title='bbox 535 1819 690 1858; x_wconf 90' lang='lat' dir='ltr'><strong>insitam</strong></span> <span class='ocrx_word' id='word_1_331' title='bbox 715 1818 950 1856; x_wconf 87' lang='lat' dir='ltr'><strong>voluntatem</strong></span> <span class='ocrx_word' id='word_1_332' title='bbox 979 1819 1082 1857; x_wconf 91' lang='lat' dir='ltr'><strong>nulla</strong></span> <span class='ocrx_word' id='word_1_333' title='bbox 1110 1819 1193 1867; x_wconf 84' lang='lat' dir='ltr'><strong>lege</strong></span> <span class='ocrx_word' id='word_1_334' title='bbox 1219 1819 1333 1857; x_wconf 87' lang='lat' dir='ltr'><strong>adimi</strong></span> <span class='ocrx_word' id='word_1_335' title='bbox 1361 1820 1405 1857; x_wconf 91' lang='lat' dir='ltr'><strong>iis</strong></span> <span class='ocrx_word' id='word_1_336' title='bbox 1432 1830 1555 1869; x_wconf 91' lang='lat' dir='ltr'><strong>posse.</strong></span> 
     </span>
    </p>

    <p class='ocr_par' dir='ltr' id='par_1_5' title="bbox 362 1880 2414 1933">
     <span class='ocr_line' id='line_1_26' title="bbox 362 1880 2414 1933; baseline 0.001 -13"><span class='ocrx_word' id='word_1_337' title='bbox 362 1882 540 1931; x_wconf 90' lang='lat' dir='ltr'><strong>Denique</strong></span> <span class='ocrx_word' id='word_1_338' title='bbox 568 1881 701 1920; x_wconf 91' lang='lat' dir='ltr'><strong>Cicero</strong></span> <span class='ocrx_word' id='word_1_339' title='bbox 738 1880 925 1920; x_wconf 87' lang='lat' dir='ltr'><strong>Catonem</strong></span> <span class='ocrx_word' id='word_1_340' title='bbox 962 1881 1109 1920; x_wconf 92' lang='lat' dir='ltr'><strong>inducit</strong></span> <span class='ocrx_word' id='word_1_341' title='bbox 1142 1892 1300 1932; x_wconf 92' lang='lat' dir='ltr'><strong>prorsus</strong></span> <span class='ocrx_word' id='word_1_342' title='bbox 1328 1881 1455 1921; x_wconf 91' lang='lat' dir='ltr'><strong>Stoice</strong></span> <span class='ocrx_word' id='word_1_343' title='bbox 1491 1884 1607 1933; x_wconf 91' lang='lat' dir='ltr'><strong>atque</strong></span> <span class='ocrx_word' id='word_1_344' title='bbox 1640 1882 1794 1921; x_wconf 88' lang='lat' dir='ltr'><strong>austere</strong></span> <span class='ocrx_word' id='word_1_345' title='bbox 1828 1880 2067 1931; x_wconf 91' lang='lat' dir='ltr'><strong>loquentem,</strong></span> <span class='ocrx_word' id='word_1_346' title='bbox 2100 1880 2205 1932; x_wconf 87' lang='lat' dir='ltr'><strong>quod</strong></span> <span class='ocrx_word' id='word_1_347' title='bbox 2237 1884 2414 1933; x_wconf 85' lang='lat' dir='ltr'><strong>negasset</strong></span> 
     </span>
    </p>
   </div>
   <div class='ocr_carea' id='block_1_4' title="bbox 97 1944 2416 1995">
    <p class='ocr_par' dir='ltr' id='par_1_6' title="bbox 97 1944 2416 1995">
     <span class='ocr_line' id='line_1_27' title="bbox 97 1944 2416 1995; baseline 0 -10"><span class='ocrx_word' id='word_1_348' title='bbox 97 1955 101 1958; x_wconf 76' lang='grc'><strong>’</strong></span> <span class='ocrx_word' id='word_1_349' title='bbox 175 1947 308 1991; x_wconf 89' lang='lat' dir='ltr'><strong>licere,</strong></span> <span class='ocrx_word' id='word_1_350' title='bbox 345 1946 576 1991; x_wconf 90' lang='lat' dir='ltr'><strong>„hominum</strong></span> <span class='ocrx_word' id='word_1_351' title='bbox 604 1944 907 1983; x_wconf 87' lang='lat' dir='ltr'><strong>benevolentiam</strong></span> <span class='ocrx_word' id='word_1_352' title='bbox 935 1946 1020 1983; x_wconf 90' lang='lat' dir='ltr'><strong>cibo</strong></span> <span class='ocrx_word' id='word_1_353' title='bbox 1052 1949 1120 1983; x_wconf 90' lang='lat' dir='ltr'><strong>aut</strong></span> <span class='ocrx_word' id='word_1_354' title='bbox 1147 1946 1228 1983; x_wconf 88' lang='lat' dir='ltr'><strong>aliis</strong></span> <span class='ocrx_word' id='word_1_355' title='bbox 1255 1946 1514 1995; x_wconf 90' lang='lat' dir='ltr'><strong>voluptatibus</strong></span> <span class='ocrx_word' id='word_1_356' title='bbox 1541 1946 1745 1990; x_wconf 87' lang='lat' dir='ltr'><strong>allicere;“</strong></span> <span class='ocrx_word' id='word_1_357' title='bbox 1780 1955 1900 1993; x_wconf 90' lang='lat' dir='ltr'><strong>quam</strong></span> <span class='ocrx_word' id='word_1_358' title='bbox 1927 1946 2143 1984; x_wconf 91' lang='lat' dir='ltr'><strong>orationem</strong></span> <span class='ocrx_word' id='word_1_359' title='bbox 2171 1955 2265 1984; x_wconf 90' lang='lat' dir='ltr'><strong>sane</strong></span> <span class='ocrx_word' id='word_1_360' title='bbox 2290 1945 2416 1985; x_wconf 90' lang='lat' dir='ltr'><strong>horri-</strong></span> 
     </span>
    </p>
   </div>
   <div class='ocr_carea' id='block_1_5' title="bbox 169 2007 2419 3009">
    <p class='ocr_par' dir='ltr' id='par_1_7' title="bbox 169 2007 2419 2693">
     <span class='ocr_line' id='line_1_28' title="bbox 173 2007 2419 2058; baseline -0 -10"><span class='ocrx_word' id='word_1_361' title='bbox 173 2009 289 2048; x_wconf 87' lang='lat' dir='ltr'><strong>bilem</strong></span> <span class='ocrx_word' id='word_1_362' title='bbox 317 2019 417 2054; x_wconf 90' lang='lat' dir='ltr'><strong>esse;</strong></span> <span class='ocrx_word' id='word_1_363' title='bbox 445 2008 513 2047; x_wconf 90' lang='lat' dir='ltr'><strong>sed</strong></span> <span class='ocrx_word' id='word_1_364' title='bbox 539 2018 674 2054; x_wconf 91' lang='lat' dir='ltr'><strong>usum,</strong></span> <span class='ocrx_word' id='word_1_365' title='bbox 701 2007 833 2053; x_wconf 89' lang='lat' dir='ltr'><strong>vitam,</strong></span> <span class='ocrx_word' id='word_1_366' title='bbox 861 2018 1008 2055; x_wconf 91' lang='lat' dir='ltr'><strong>mores,</strong></span> <span class='ocrx_word' id='word_1_367' title='bbox 1038 2008 1227 2047; x_wconf 81' lang='lat' dir='ltr'><strong>civitatem</strong></span> <span class='ocrx_word' id='word_1_368' title='bbox 1255 2009 1377 2058; x_wconf 89' lang='lat' dir='ltr'><strong>ipsam</strong></span> <span class='ocrx_word' id='word_1_369' title='bbox 1405 2020 1491 2048; x_wconf 92' lang='lat' dir='ltr'><strong>eam</strong></span> <span class='ocrx_word' id='word_1_370' title='bbox 1518 2019 1722 2058; x_wconf 85' lang='lat' dir='ltr'><strong>respuere;</strong></span> <span class='ocrx_word' id='word_1_371' title='bbox 1759 2007 1892 2054; x_wconf 91' lang='lat' dir='ltr'><strong>licere,</strong></span> <span class='ocrx_word' id='word_1_372' title='bbox 1919 2008 2107 2058; x_wconf 90' lang='lat' dir='ltr'><strong>populum</strong></span> <span class='ocrx_word' id='word_1_373' title='bbox 2134 2010 2275 2047; x_wconf 90' lang='lat' dir='ltr'><strong>mensis</strong></span> <span class='ocrx_word' id='word_1_374' title='bbox 2300 2009 2419 2058; x_wconf 89' lang='lat' dir='ltr'><strong>paulo</strong></span> 
     </span>
     <span class='ocr_line' id='line_1_29' title="bbox 172 2069 2418 2123; baseline 0.001 -15"><span class='ocrx_word' id='word_1_375' title='bbox 172 2072 321 2109; x_wconf 87' lang='lat' dir='ltr'><strong>laetiori</strong></span> <span class='ocrx_word' id='word_1_376' title='bbox 350 2073 538 2121; x_wconf 87' lang='lat' dir='ltr'><strong>apparatu</strong></span> <span class='ocrx_word' id='word_1_377' title='bbox 567 2071 763 2120; x_wconf 84' lang='lat' dir='ltr'><strong>excipere;</strong></span> <span class='ocrx_word' id='word_1_378' title='bbox 798 2071 984 2120; x_wconf 84' lang='lat' dir='ltr'><strong>privatam</strong></span> <span class='ocrx_word' id='word_1_379' title='bbox 1013 2071 1205 2110; x_wconf 87' lang='lat' dir='ltr'><strong>luxuriam</strong></span> <span class='ocrx_word' id='word_1_380' title='bbox 1233 2071 1358 2110; x_wconf 92' lang='lat' dir='ltr'><strong>odisse</strong></span> <span class='ocrx_word' id='word_1_381' title='bbox 1392 2071 1579 2122; x_wconf 90' lang='lat' dir='ltr'><strong>populum</strong></span> <span class='ocrx_word' id='word_1_382' title='bbox 1596 2070 1835 2118; x_wconf 83' lang='lat' dir='ltr'><strong>Romanum,</strong></span> <span class='ocrx_word' id='word_1_383' title='bbox 1868 2069 2024 2121; x_wconf 89' lang='lat' dir='ltr'><strong>diligere</strong></span> <span class='ocrx_word' id='word_1_384' title='bbox 2050 2070 2243 2123; x_wconf 90' lang='lat' dir='ltr'><strong>publicam</strong></span> <span class='ocrx_word' id='word_1_385' title='bbox 2269 2071 2418 2122; x_wconf 86' lang='lat' dir='ltr'><strong>magni-</strong></span> 
     </span>
     <span class='ocr_line' id='line_1_30' title="bbox 171 2133 2417 2183; baseline -0 -9"><span class='ocrx_word' id='word_1_386' title='bbox 171 2136 385 2179; x_wconf 82' lang='lat' dir='ltr'><strong>ficentiam;</strong></span> <span class='ocrx_word' id='word_1_387' title='bbox 421 2135 475 2173; x_wconf 92' lang='lat' dir='ltr'><strong>sic</strong></span> <span class='ocrx_word' id='word_1_388' title='bbox 512 2134 626 2172; x_wconf 90' lang='lat' dir='ltr'><strong>etiam</strong></span> <span class='ocrx_word' id='word_1_389' title='bbox 663 2134 780 2172; x_wconf 91' lang='lat' dir='ltr'><strong>alium</strong></span> <span class='ocrx_word' id='word_1_390' title='bbox 808 2133 1000 2179; x_wconf 91' lang='lat' dir='ltr'><strong>Stoicum,</strong></span> <span class='ocrx_word' id='word_1_391' title='bbox 1028 2133 1076 2180; x_wconf 89' lang='lat' dir='ltr'><strong>Q.</strong></span> <span class='ocrx_word' id='word_1_392' title='bbox 1106 2135 1373 2180; x_wconf 90' lang='lat' dir='ltr'><strong>Tuberonem,</strong></span> <span class='ocrx_word' id='word_1_393' title='bbox 1407 2135 1687 2183; x_wconf 90' lang='lat' dir='ltr'><strong>ineptissimum</strong></span> <span class='ocrx_word' id='word_1_394' title='bbox 1722 2144 1763 2172; x_wconf 87' lang='lat' dir='ltr'><strong>se</strong></span> <span class='ocrx_word' id='word_1_395' title='bbox 1788 2134 2033 2183; x_wconf 87' lang='lat' dir='ltr'><strong>praebuisse,</strong></span> <span class='ocrx_word' id='word_1_396' title='bbox 2068 2145 2188 2183; x_wconf 91' lang='lat' dir='ltr'><strong>quum</strong></span> <span class='ocrx_word' id='word_1_397' title='bbox 2215 2135 2255 2172; x_wconf 88' lang='lat' dir='ltr'><strong>in</strong></span> <span class='ocrx_word' id='word_1_398' title='bbox 2279 2133 2417 2173; x_wconf 86' lang='lat' dir='ltr'><strong>funere</strong></span> 
     </span>
     <span class='ocr_line' id='line_1_31' title="bbox 171 2195 2415 2249; baseline -0.001 -12"><span class='ocrx_word' id='word_1_399' title='bbox 171 2198 357 2249; x_wconf 89' lang='lat' dir='ltr'><strong>Scipionis</strong></span> <span class='ocrx_word' id='word_1_400' title='bbox 383 2196 553 2236; x_wconf 82' lang='lat' dir='ltr'><strong>Africani</strong></span> <span class='ocrx_word' id='word_1_401' title='bbox 579 2196 762 2242; x_wconf 91' lang='lat' dir='ltr'><strong>Minoris,</strong></span> <span class='ocrx_word' id='word_1_402' title='bbox 795 2197 971 2235; x_wconf 88' lang='lat' dir='ltr'><strong>avunculi</strong></span> <span class='ocrx_word' id='word_1_403' title='bbox 1000 2197 1077 2243; x_wconf 90' lang='lat' dir='ltr'><strong>sui,</strong></span> <span class='ocrx_word' id='word_1_404' title='bbox 1115 2196 1347 2236; x_wconf 90' lang='lat' dir='ltr'><strong>celebrando</strong></span> <span class='ocrx_word' id='word_1_405' title='bbox 1382 2199 1421 2235; x_wconf 90' lang='lat' dir='ltr'><strong>et</strong></span> <span class='ocrx_word' id='word_1_406' title='bbox 1448 2196 1613 2235; x_wconf 92' lang='lat' dir='ltr'><strong>triclinio</strong></span> <span class='ocrx_word' id='word_1_407' title='bbox 1638 2195 1783 2245; x_wconf 91' lang='lat' dir='ltr'><strong>populo</strong></span> <span class='ocrx_word' id='word_1_408' title='bbox 1811 2196 2016 2235; x_wconf 87' lang='lat' dir='ltr'><strong>sternendo</strong></span> <span class='ocrx_word' id='word_1_409' title='bbox 2043 2208 2202 2247; x_wconf 91' lang='lat' dir='ltr'><strong>prorsus</strong></span> <span class='ocrx_word' id='word_1_410' title='bbox 2231 2197 2415 2246; x_wconf 89' lang='lat' dir='ltr'><strong>inoppor-</strong></span> 
     </span>
     <span class='ocr_line' id='line_1_32' title="bbox 169 2258 2415 2310; baseline -0 -10"><span class='ocrx_word' id='word_1_411' title='bbox 169 2267 305 2300; x_wconf 92' lang='lat' dir='ltr'><strong>tunam</strong></span> <span class='ocrx_word' id='word_1_412' title='bbox 342 2262 381 2299; x_wconf 91' lang='lat' dir='ltr'><strong>in</strong></span> <span class='ocrx_word' id='word_1_413' title='bbox 408 2260 473 2298; x_wconf 92' lang='lat' dir='ltr'><strong>tali</strong></span> <span class='ocrx_word' id='word_1_414' title='bbox 499 2271 543 2298; x_wconf 92' lang='lat' dir='ltr'><strong>re</strong></span> <span class='ocrx_word' id='word_1_415' title='bbox 569 2260 846 2309; x_wconf 89' lang='lat' dir='ltr'><strong>parsimoniam</strong></span> <span class='ocrx_word' id='word_1_416' title='bbox 883 2260 940 2298; x_wconf 86' lang='lat' dir='ltr'><strong>vel</strong></span> <span class='ocrx_word' id='word_1_417' title='bbox 966 2261 1095 2310; x_wconf 89' lang='lat' dir='ltr'><strong>potius</strong></span> <span class='ocrx_word' id='word_1_418' title='bbox 1121 2260 1376 2298; x_wconf 88' lang='lat' dir='ltr'><strong>rusticitatem</strong></span> <span class='ocrx_word' id='word_1_419' title='bbox 1409 2269 1504 2309; x_wconf 89' lang='lat' dir='ltr'><strong>prae</strong></span> <span class='ocrx_word' id='word_1_420' title='bbox 1533 2269 1574 2297; x_wconf 90' lang='lat' dir='ltr'><strong>se</strong></span> <span class='ocrx_word' id='word_1_421' title='bbox 1599 2258 1767 2305; x_wconf 91' lang='lat' dir='ltr'><strong>tulisset,</strong></span> <span class='ocrx_word' id='word_1_422' title='bbox 1802 2258 1906 2298; x_wconf 91' lang='lat' dir='ltr'><strong>nulla</strong></span> <span class='ocrx_word' id='word_1_423' title='bbox 1933 2258 2062 2298; x_wconf 90' lang='lat' dir='ltr'><strong>decori</strong></span> <span class='ocrx_word' id='word_1_424' title='bbox 2087 2260 2238 2299; x_wconf 90' lang='lat' dir='ltr'><strong>ratione</strong></span> <span class='ocrx_word' id='word_1_425' title='bbox 2264 2258 2415 2306; x_wconf 85' lang='lat' dir='ltr'><strong>habita;</strong></span> 
     </span>
     <span class='ocr_line' id='line_1_33' title="bbox 171 2320 2414 2373; baseline 0 -10"><span class='ocrx_word' id='word_1_426' title='bbox 171 2336 261 2364; x_wconf 92' lang='lat' dir='ltr'><strong>nam</strong></span> <span class='ocrx_word' id='word_1_427' title='bbox 295 2327 380 2363; x_wconf 84' lang='lat' dir='ltr'><strong>tum</strong></span> <span class='ocrx_word' id='word_1_428' title='bbox 413 2323 600 2373; x_wconf 92' lang='lat' dir='ltr'><strong>pelliculis</strong></span> <span class='ocrx_word' id='word_1_429' title='bbox 629 2322 803 2361; x_wconf 91' lang='lat' dir='ltr'><strong>hoedinis</strong></span> <span class='ocrx_word' id='word_1_430' title='bbox 835 2323 994 2361; x_wconf 90' lang='lat' dir='ltr'><strong>lectulos</strong></span> <span class='ocrx_word' id='word_1_431' title='bbox 1022 2323 1240 2361; x_wconf 89' lang='lat' dir='ltr'><strong>Punicanos</strong></span> <span class='ocrx_word' id='word_1_432' title='bbox 1273 2322 1450 2360; x_wconf 88' lang='lat' dir='ltr'><strong>stravisse</strong></span> <span class='ocrx_word' id='word_1_433' title='bbox 1482 2324 1522 2361; x_wconf 91' lang='lat' dir='ltr'><strong>et</strong></span> <span class='ocrx_word' id='word_1_434' title='bbox 1552 2331 1642 2361; x_wconf 85' lang='lat' dir='ltr'><strong>vasa</strong></span> <span class='ocrx_word' id='word_1_435' title='bbox 1669 2320 1798 2361; x_wconf 91' lang='lat' dir='ltr'><strong>Samia</strong></span> <span class='ocrx_word' id='word_1_436' title='bbox 1830 2322 2052 2373; x_wconf 85' lang='lat' dir='ltr'><strong>exposuisse</strong></span> <span class='ocrx_word' id='word_1_437' title='bbox 2077 2322 2209 2370; x_wconf 91' lang='lat' dir='ltr'><strong>illum,</strong></span> <span class='ocrx_word' id='word_1_438' title='bbox 2242 2325 2414 2363; x_wconf 89' lang='lat' dir='ltr'><strong>ceterum</strong></span> 
     </span>
     <span class='ocr_line' id='line_1_34' title="bbox 170 2384 2413 2437; baseline -0.001 -9"><span class='ocrx_word' id='word_1_439' title='bbox 170 2389 366 2428; x_wconf 90' lang='lat' dir='ltr'><strong>hominem</strong></span> <span class='ocrx_word' id='word_1_440' title='bbox 394 2387 716 2433; x_wconf 89' lang='lat' dir='ltr'><strong>eruditissimum,</strong></span> <span class='ocrx_word' id='word_1_441' title='bbox 754 2386 821 2426; x_wconf 90' lang='lat' dir='ltr'><strong>sed</strong></span> <span class='ocrx_word' id='word_1_442' title='bbox 849 2385 1043 2431; x_wconf 91' lang='lat' dir='ltr'><strong>Stoicum,</strong></span> <span class='ocrx_word' id='word_1_443' title='bbox 1073 2385 1212 2435; x_wconf 85' lang='lat' dir='ltr'><strong>„quasi</strong></span> <span class='ocrx_word' id='word_1_444' title='bbox 1239 2397 1331 2424; x_wconf 90' lang='lat' dir='ltr'><strong>vero</strong></span> <span class='ocrx_word' id='word_1_445' title='bbox 1358 2385 1552 2436; x_wconf 89' lang='lat' dir='ltr'><strong>Diogenes</strong></span> <span class='ocrx_word' id='word_1_446' title='bbox 1580 2384 1742 2437; x_wconf 80' lang='lat' dir='ltr'><strong>Cynicus</strong></span> <span class='ocrx_word' id='word_1_447' title='bbox 1768 2389 1945 2426; x_wconf 90' lang='lat' dir='ltr'><strong>mortuus</strong></span> <span class='ocrx_word' id='word_1_448' title='bbox 1972 2390 2091 2433; x_wconf 90' lang='lat' dir='ltr'><strong>esset,</strong></span> <span class='ocrx_word' id='word_1_449' title='bbox 2125 2390 2164 2426; x_wconf 93' lang='lat' dir='ltr'><strong>et</strong></span> <span class='ocrx_word' id='word_1_450' title='bbox 2194 2397 2273 2426; x_wconf 91' lang='lat' dir='ltr'><strong>non</strong></span> <span class='ocrx_word' id='word_1_451' title='bbox 2301 2387 2413 2427; x_wconf 87' lang='lat' dir='ltr'><strong>divini</strong></span> 
     </span>
     <span class='ocr_line' id='line_1_35' title="bbox 169 2443 2413 2503; baseline 0 -12"><span class='ocrx_word' id='word_1_452' title='bbox 169 2452 334 2491; x_wconf 91' lang='lat' dir='ltr'><strong>hominis</strong></span> <span class='ocrx_word' id='word_1_453' title='bbox 360 2451 533 2491; x_wconf 86' lang='lat' dir='ltr'><strong>Africani</strong></span> <span class='ocrx_word' id='word_1_454' title='bbox 560 2461 668 2490; x_wconf 90' lang='lat' dir='ltr'><strong>mors</strong></span> <span class='ocrx_word' id='word_1_455' title='bbox 694 2449 967 2489; x_wconf 87' lang='lat' dir='ltr'><strong>honestaretur</strong></span> <span class='ocrx_word' id='word_1_456' title='bbox 995 2448 1093 2502; x_wconf 90' lang='lat' dir='ltr'><strong>(cap.</strong></span> <span class='ocrx_word' id='word_1_457' title='bbox 1120 2443 1185 2489; x_wconf 88' lang='grc'><strong>36.</strong></span> <span class='ocrx_word' id='word_1_458' title='bbox 1212 2446 1245 2503; x_wconf 81' lang='lat'><strong>§.</strong></span> <span class='ocrx_word' id='word_1_459' title='bbox 1275 2445 1391 2502; x_wconf 76' lang='lat'><strong>75.).“</strong></span> <span class='ocrx_word' id='word_1_460' title='bbox 1443 2448 1555 2489; x_wconf 89' lang='lat' dir='ltr'><strong>Hanc</strong></span> <span class='ocrx_word' id='word_1_461' title='bbox 1587 2456 1806 2500; x_wconf 88' lang='lat' dir='ltr'><strong>perversam</strong></span> <span class='ocrx_word' id='word_1_462' title='bbox 1832 2450 2059 2501; x_wconf 90' lang='lat' dir='ltr'><strong>sapientiam</strong></span> <span class='ocrx_word' id='word_1_463' title='bbox 2119 2450 2302 2490; x_wconf 89' lang='lat' dir='ltr'><strong>uberonis</strong></span> <span class='ocrx_word' id='word_1_464' title='bbox 2328 2453 2413 2491; x_wconf 89' lang='lat' dir='ltr'><strong>tum</strong></span> 
     </span>
     <span class='ocr_line' id='line_1_36' title="bbox 169 2513 2415 2566; baseline -0 -12"><span class='ocrx_word' id='word_1_465' title='bbox 169 2517 334 2566; x_wconf 87' lang='lat' dir='ltr'><strong>graviter</strong></span> <span class='ocrx_word' id='word_1_466' title='bbox 355 2515 486 2553; x_wconf 85' lang='lat' dir='ltr'><strong>tulisse</strong></span> <span class='ocrx_word' id='word_1_467' title='bbox 505 2514 695 2564; x_wconf 89' lang='lat' dir='ltr'><strong>populum</strong></span> <span class='ocrx_word' id='word_1_468' title='bbox 713 2513 952 2559; x_wconf 85' lang='lat' dir='ltr'><strong>Romanum,</strong></span> <span class='ocrx_word' id='word_1_469' title='bbox 980 2514 1111 2563; x_wconf 88' lang='lat' dir='ltr'><strong>itaque</strong></span> <span class='ocrx_word' id='word_1_470' title='bbox 1129 2513 1272 2552; x_wconf 82' lang='lat' dir='ltr'><strong>sactum</strong></span> <span class='ocrx_word' id='word_1_471' title='bbox 1290 2523 1384 2560; x_wconf 92' lang='lat' dir='ltr'><strong>esse,</strong></span> <span class='ocrx_word' id='word_1_472' title='bbox 1411 2516 1456 2552; x_wconf 94' lang='lat' dir='ltr'><strong>ut</strong></span> <span class='ocrx_word' id='word_1_473' title='bbox 1472 2513 1668 2564; x_wconf 90' lang='lat' dir='ltr'><strong>repulsam</strong></span> <span class='ocrx_word' id='word_1_474' title='bbox 1685 2513 1746 2552; x_wconf 91' lang='lat' dir='ltr'><strong>ille</strong></span> <span class='ocrx_word' id='word_1_475' title='bbox 1764 2513 1896 2553; x_wconf 89' lang='lat' dir='ltr'><strong>tulerit</strong></span> <span class='ocrx_word' id='word_1_476' title='bbox 1913 2515 1952 2553; x_wconf 89' lang='lat' dir='ltr'><strong>et</strong></span> <span class='ocrx_word' id='word_1_477' title='bbox 1970 2513 2045 2553; x_wconf 93' lang='lat' dir='ltr'><strong>hoe</strong></span> <span class='ocrx_word' id='word_1_478' title='bbox 2126 2524 2144 2552; x_wconf 92' lang='lat' dir='ltr'><strong>s</strong></span> <span class='ocrx_word' id='word_1_479' title='bbox 2164 2513 2321 2563; x_wconf 88' lang='lat' dir='ltr'><strong>quidem</strong></span> <span class='ocrx_word' id='word_1_480' title='bbox 2343 2513 2415 2553; x_wconf 76' lang='lat' dir='ltr'><strong>illis</strong></span> 
     </span>
     <span class='ocr_line' id='line_1_37' title="bbox 172 2573 2414 2630; baseline -0 -13"><span class='ocrx_word' id='word_1_481' title='bbox 172 2579 329 2627; x_wconf 89' lang='lat' dir='ltr'><strong>pellibus</strong></span> <span class='ocrx_word' id='word_1_482' title='bbox 351 2580 536 2629; x_wconf 91' lang='lat' dir='ltr'><strong>praetura</strong></span> <span class='ocrx_word' id='word_1_483' title='bbox 560 2577 731 2627; x_wconf 91' lang='lat' dir='ltr'><strong>dejectus</strong></span> <span class='ocrx_word' id='word_1_484' title='bbox 754 2577 812 2615; x_wconf 89' lang='lat' dir='ltr'><strong>sit.</strong></span> <span class='ocrx_word' id='word_1_485' title='bbox 842 2574 890 2630; x_wconf 63' lang='grc' dir='ltr'><strong>(ξ.</strong></span> <span class='ocrx_word' id='word_1_486' title='bbox 911 2573 989 2629; x_wconf 83' lang='grc'>76.)</span> <span class='ocrx_word' id='word_1_487' title='bbox 1043 2574 1240 2629; x_wconf 87' lang='lat' dir='ltr'><strong>(Ejusdem</strong></span> <span class='ocrx_word' id='word_1_488' title='bbox 1260 2576 1474 2616; x_wconf 91' lang='lat' dir='ltr'><strong>Tuberonis</strong></span> <span class='ocrx_word' id='word_1_489' title='bbox 1496 2578 1540 2615; x_wconf 92' lang='lat' dir='ltr'><strong>ut</strong></span> <span class='ocrx_word' id='word_1_490' title='bbox 1558 2576 1725 2615; x_wconf 90' lang='lat' dir='ltr'><strong>hominis</strong></span> <span class='ocrx_word' id='word_1_491' title='bbox 1744 2576 2007 2627; x_wconf 90' lang='lat' dir='ltr'><strong>philosophiae</strong></span> <span class='ocrx_word' id='word_1_492' title='bbox 2022 2576 2287 2617; x_wconf 89' lang='lat' dir='ltr'><strong>studiosissimi</strong></span> <span class='ocrx_word' id='word_1_493' title='bbox 2305 2587 2414 2616; x_wconf 86' lang='lat' dir='ltr'><strong>men·</strong></span> 
     </span>
     <span class='ocr_line' id='line_1_38' title="bbox 173 2634 2415 2693; baseline 0.001 -15"><span class='ocrx_word' id='word_1_494' title='bbox 173 2641 314 2679; x_wconf 84' lang='lat' dir='ltr'><strong>tionem</strong></span> <span class='ocrx_word' id='word_1_495' title='bbox 334 2640 470 2680; x_wconf 90' lang='lat' dir='ltr'><strong>Cicero</strong></span> <span class='ocrx_word' id='word_1_496' title='bbox 504 2640 595 2680; x_wconf 83' lang='lat' dir='ltr'><strong>facit</strong></span> <span class='ocrx_word' id='word_1_497' title='bbox 621 2640 706 2679; x_wconf 88' lang='lat' dir='ltr'><strong>libr.</strong></span> <span class='ocrx_word' id='word_1_498' title='bbox 733 2634 771 2679; x_wconf 84' lang='lat'><strong>3.</strong></span> <span class='ocrx_word' id='word_1_499' title='bbox 801 2639 849 2679; x_wconf 92' lang='lat' dir='ltr'><strong>de</strong></span> <span class='ocrx_word' id='word_1_500' title='bbox 875 2642 1042 2685; x_wconf 89' lang='lat' dir='ltr'><strong>oratore,</strong></span> <span class='ocrx_word' id='word_1_501' title='bbox 1072 2650 1154 2690; x_wconf 91' lang='lat' dir='ltr'><strong>cap.</strong></span> <span class='ocrx_word' id='word_1_502' title='bbox 1181 2635 1245 2679; x_wconf 80' lang='lat'><strong>23.</strong></span> <span class='ocrx_word' id='word_1_503' title='bbox 1274 2642 1313 2679; x_wconf 94' lang='lat' dir='ltr'><strong>et</strong></span> <span class='ocrx_word' id='word_1_504' title='bbox 1339 2639 1477 2679; x_wconf 91' lang='lat' dir='ltr'><strong>eodem</strong></span> <span class='ocrx_word' id='word_1_505' title='bbox 1503 2639 1591 2678; x_wconf 92' lang='lat' dir='ltr'><strong>loco</strong></span> <span class='ocrx_word' id='word_1_506' title='bbox 1619 2640 1736 2679; x_wconf 89' lang='lat' dir='ltr'><strong>etiam</strong></span> <span class='ocrx_word' id='word_1_507' title='bbox 1766 2638 1952 2691; x_wconf 89' lang='lat' dir='ltr'><strong>Scipionis</strong></span> <span class='ocrx_word' id='word_1_508' title='bbox 1980 2640 2142 2680; x_wconf 93' lang='lat' dir='ltr'><strong>eandem</strong></span> <span class='ocrx_word' id='word_1_509' title='bbox 2168 2640 2209 2680; x_wconf 92' lang='lat' dir='ltr'><strong>in</strong></span> <span class='ocrx_word' id='word_1_510' title='bbox 2235 2637 2415 2693; x_wconf 85' lang='lat' dir='ltr'><strong>partem.)</strong></span> 
     </span>
    </p>

    <p class='ocr_par' dir='ltr' id='par_1_8' title="bbox 171 2702 2415 3009">
     <span class='ocr_line' id='line_1_39' title="bbox 355 2702 2415 2754; baseline 0 -11"><span class='ocrx_word' id='word_1_511' title='bbox 355 2704 466 2744; x_wconf 86' lang='lat' dir='ltr'><strong>Hanc</strong></span> <span class='ocrx_word' id='word_1_512' title='bbox 501 2707 625 2743; x_wconf 89' lang='lat' dir='ltr'><strong>totam</strong></span> <span class='ocrx_word' id='word_1_513' title='bbox 653 2703 810 2744; x_wconf 88' lang='lat' dir='ltr'><strong>Catonis</strong></span> <span class='ocrx_word' id='word_1_514' title='bbox 845 2703 1186 2753; x_wconf 89' lang='lat' dir='ltr'><strong>reprehensionem</strong></span> <span class='ocrx_word' id='word_1_515' title='bbox 1220 2706 1417 2754; x_wconf 91' lang='lat' dir='ltr'><strong>postremo</strong></span> <span class='ocrx_word' id='word_1_516' title='bbox 1453 2703 1625 2742; x_wconf 90' lang='lat' dir='ltr'><strong>cumulat</strong></span> <span class='ocrx_word' id='word_1_517' title='bbox 1653 2702 1788 2742; x_wconf 90' lang='lat' dir='ltr'><strong>Cicero</strong></span> <span class='ocrx_word' id='word_1_518' title='bbox 1822 2713 1891 2749; x_wconf 90' lang='lat' dir='ltr'><strong>eo,</strong></span> <span class='ocrx_word' id='word_1_519' title='bbox 1923 2704 2028 2753; x_wconf 89' lang='lat' dir='ltr'><strong>quod</strong></span> <span class='ocrx_word' id='word_1_520' title='bbox 2057 2704 2166 2749; x_wconf 89' lang='lat' dir='ltr'><strong>dicit,</strong></span> <span class='ocrx_word' id='word_1_521' title='bbox 2200 2704 2308 2742; x_wconf 91' lang='lat' dir='ltr'><strong>hunc</strong></span> <span class='ocrx_word' id='word_1_522' title='bbox 2337 2703 2415 2743; x_wconf 78' lang='lat' dir='ltr'><strong>suis</strong></span> 
     </span>
     <span class='ocr_line' id='line_1_40' title="bbox 173 2761 2414 2820; baseline 0.001 -17"><span class='ocrx_word' id='word_1_523' title='bbox 173 2766 297 2815; x_wconf 89' lang='lat' dir='ltr'><strong>ipsum</strong></span> <span class='ocrx_word' id='word_1_524' title='bbox 330 2768 542 2818; x_wconf 88' lang='lat' dir='ltr'><strong>praeceptis</strong></span> <span class='ocrx_word' id='word_1_525' title='bbox 576 2778 657 2807; x_wconf 92' lang='lat' dir='ltr'><strong>non</strong></span> <span class='ocrx_word' id='word_1_526' title='bbox 687 2768 868 2806; x_wconf 88' lang='lat' dir='ltr'><strong>constare</strong></span> <span class='ocrx_word' id='word_1_527' title='bbox 895 2763 942 2820; x_wconf 63' lang='grc' dir='ltr'><strong>(ξ.</strong></span> <span class='ocrx_word' id='word_1_528' title='bbox 972 2761 1035 2806; x_wconf 83' lang='grc'><strong>76.</strong></span> <span class='ocrx_word' id='word_1_529' title='bbox 1064 2761 1163 2819; x_wconf 83' lang='lat'><strong>77.);</strong></span> <span class='ocrx_word' id='word_1_530' title='bbox 1199 2778 1289 2806; x_wconf 92' lang='lat' dir='ltr'><strong>eum</strong></span> <span class='ocrx_word' id='word_1_531' title='bbox 1315 2767 1442 2817; x_wconf 91' lang='lat' dir='ltr'><strong>ipsum</strong></span> <span class='ocrx_word' id='word_1_532' title='bbox 1468 2766 1509 2806; x_wconf 90' lang='lat' dir='ltr'><strong>in</strong></span> <span class='ocrx_word' id='word_1_533' title='bbox 1535 2765 1710 2817; x_wconf 89' lang='lat' dir='ltr'><strong>petendis</strong></span> <span class='ocrx_word' id='word_1_534' title='bbox 1735 2767 2019 2816; x_wconf 86' lang='lat' dir='ltr'><strong>magistratibus</strong></span> <span class='ocrx_word' id='word_1_535' title='bbox 2052 2766 2263 2806; x_wconf 91' lang='lat' dir='ltr'><strong>admodum</strong></span> <span class='ocrx_word' id='word_1_536' title='bbox 2289 2765 2414 2806; x_wconf 87' lang='lat' dir='ltr'><strong>humi·</strong></span> 
     </span>
     <span class='ocr_line' id='line_1_41' title="bbox 173 2828 2413 2882; baseline 0.001 -16"><span class='ocrx_word' id='word_1_537' title='bbox 173 2828 259 2867; x_wconf 86' lang='lat' dir='ltr'><strong>liter</strong></span> <span class='ocrx_word' id='word_1_538' title='bbox 291 2839 332 2866; x_wconf 89' lang='lat' dir='ltr'><strong>se</strong></span> <span class='ocrx_word' id='word_1_539' title='bbox 364 2840 517 2879; x_wconf 85' lang='lat' dir='ltr'><strong>gerere;</strong></span> <span class='ocrx_word' id='word_1_540' title='bbox 555 2841 688 2871; x_wconf 88' lang='lat' dir='ltr'><strong>secum</strong></span> <span class='ocrx_word' id='word_1_541' title='bbox 721 2830 868 2871; x_wconf 90' lang='lat' dir='ltr'><strong>habere</strong></span> <span class='ocrx_word' id='word_1_542' title='bbox 896 2829 1227 2870; x_wconf 89' lang='lat' dir='ltr'><strong>nomenclatorem</strong></span> <span class='ocrx_word' id='word_1_543' title='bbox 1261 2831 1301 2869; x_wconf 90' lang='lat' dir='ltr'><strong>et</strong></span> <span class='ocrx_word' id='word_1_544' title='bbox 1331 2829 1499 2870; x_wconf 83' lang='lat' dir='ltr'><strong>salutare</strong></span> <span class='ocrx_word' id='word_1_545' title='bbox 1535 2832 1574 2870; x_wconf 91' lang='lat' dir='ltr'><strong>et</strong></span> <span class='ocrx_word' id='word_1_546' title='bbox 1599 2840 1784 2882; x_wconf 87' lang='lat' dir='ltr'><strong>prensare</strong></span> <span class='ocrx_word' id='word_1_547' title='bbox 1810 2830 1909 2870; x_wconf 89' lang='lat' dir='ltr'><strong>cives</strong></span> <span class='ocrx_word' id='word_1_548' title='bbox 1935 2829 2126 2870; x_wconf 80' lang='lat' dir='ltr'><strong>inferioris</strong></span> <span class='ocrx_word' id='word_1_549' title='bbox 2153 2828 2316 2878; x_wconf 88' lang='lat' dir='ltr'><strong>ordinis,</strong></span> <span class='ocrx_word' id='word_1_550' title='bbox 2347 2840 2413 2870; x_wconf 92' lang='lat' dir='ltr'><strong>ro·</strong></span> 
     </span>
     <span class='ocr_line' id='line_1_42' title="bbox 172 2891 2412 2945; baseline 0.001 -16"><span class='ocrx_word' id='word_1_551' title='bbox 172 2892 329 2941; x_wconf 87' lang='lat' dir='ltr'><strong>gantem</strong></span> <span class='ocrx_word' id='word_1_552' title='bbox 356 2903 434 2939; x_wconf 87' lang='lat' dir='ltr'><strong>eos,</strong></span> <span class='ocrx_word' id='word_1_553' title='bbox 459 2896 502 2932; x_wconf 88' lang='lat' dir='ltr'><strong>ut</strong></span> <span class='ocrx_word' id='word_1_554' title='bbox 527 2906 568 2933; x_wconf 93' lang='lat' dir='ltr'><strong>se</strong></span> <span class='ocrx_word' id='word_1_555' title='bbox 596 2895 790 2945; x_wconf 87' lang='lat' dir='ltr'><strong>adjuvent;</strong></span> <span class='ocrx_word' id='word_1_556' title='bbox 822 2894 898 2934; x_wconf 92' lang='lat' dir='ltr'><strong>hac</strong></span> <span class='ocrx_word' id='word_1_557' title='bbox 924 2894 964 2933; x_wconf 91' lang='lat' dir='ltr'><strong>in</strong></span> <span class='ocrx_word' id='word_1_558' title='bbox 989 2905 1034 2933; x_wconf 90' lang='lat' dir='ltr'><strong>re</strong></span> <span class='ocrx_word' id='word_1_559' title='bbox 1059 2894 1191 2933; x_wconf 81' lang='lat' dir='ltr'><strong>fallere</strong></span> <span class='ocrx_word' id='word_1_560' title='bbox 1215 2905 1306 2933; x_wconf 91' lang='lat' dir='ltr'><strong>eum</strong></span> <span class='ocrx_word' id='word_1_561' title='bbox 1331 2896 1371 2933; x_wconf 91' lang='lat' dir='ltr'><strong>et</strong></span> <span class='ocrx_word' id='word_1_562' title='bbox 1397 2894 1585 2943; x_wconf 86' lang='lat' dir='ltr'><strong>decipere,</strong></span> <span class='ocrx_word' id='word_1_563' title='bbox 1612 2895 1644 2933; x_wconf 90' lang='lat' dir='ltr'><strong>si</strong></span> <span class='ocrx_word' id='word_1_564' title='bbox 1670 2905 1734 2933; x_wconf 85' lang='lat' dir='ltr'><strong>res</strong></span> <span class='ocrx_word' id='word_1_565' title='bbox 1761 2895 1941 2932; x_wconf 88' lang='lat' dir='ltr'><strong>accurate</strong></span> <span class='ocrx_word' id='word_1_566' title='bbox 1967 2896 2083 2944; x_wconf 89' lang='lat' dir='ltr'><strong>atque</strong></span> <span class='ocrx_word' id='word_1_567' title='bbox 2111 2903 2161 2931; x_wconf 85' lang='lat' dir='ltr'><strong>ex</strong></span> <span class='ocrx_word' id='word_1_568' title='bbox 2187 2891 2268 2942; x_wconf 86' lang='lat' dir='ltr'><strong>ejus</strong></span> <span class='ocrx_word' id='word_1_569' title='bbox 2293 2893 2412 2932; x_wconf 81' lang='lat' dir='ltr'><strong>ratio·</strong></span> 
     </span>
     <span class='ocr_line' id='line_1_43' title="bbox 171 2955 2412 3009; baseline 0.002 -15"><span class='ocrx_word' id='word_1_570' title='bbox 171 2955 231 2994; x_wconf 92' lang='lat' dir='ltr'><strong>nis</strong></span> <span class='ocrx_word' id='word_1_571' title='bbox 258 2964 397 2994; x_wconf 88' lang='lat' dir='ltr'><strong>norma</strong></span> <span class='ocrx_word' id='word_1_572' title='bbox 419 2955 627 3005; x_wconf 88' lang='lat' dir='ltr'><strong>judicetur,</strong></span> <span class='ocrx_word' id='word_1_573' title='bbox 659 2969 778 3008; x_wconf 89' lang='lat' dir='ltr'><strong>quam</strong></span> <span class='ocrx_word' id='word_1_574' title='bbox 805 2959 887 3009; x_wconf 91' lang='lat' dir='ltr'><strong>ipse</strong></span> <span class='ocrx_word' id='word_1_575' title='bbox 915 2956 1010 2997; x_wconf 89' lang='lat' dir='ltr'><strong>Cato</strong></span> <span class='ocrx_word' id='word_1_576' title='bbox 1043 2968 1115 3009; x_wconf 90' lang='lat' dir='ltr'><strong>pro</strong></span> <span class='ocrx_word' id='word_1_577' title='bbox 1148 2957 1231 3009; x_wconf 90' lang='lat' dir='ltr'><strong>lege</strong></span> <span class='ocrx_word' id='word_1_578' title='bbox 1256 2959 1470 3009; x_wconf 89' lang='lat' dir='ltr'><strong>proponat;</strong></span> <span class='ocrx_word' id='word_1_579' title='bbox 1508 2959 1617 2997; x_wconf 91' lang='lat' dir='ltr'><strong>recta</strong></span> <span class='ocrx_word' id='word_1_580' title='bbox 1642 2956 1740 2998; x_wconf 89' lang='lat' dir='ltr'><strong>haec</strong></span> <span class='ocrx_word' id='word_1_581' title='bbox 1766 2967 1866 3004; x_wconf 87' lang='lat' dir='ltr'><strong>esse,</strong></span> <span class='ocrx_word' id='word_1_582' title='bbox 1899 2958 1929 2997; x_wconf 92' lang='lat' dir='ltr'><strong>si</strong></span> <span class='ocrx_word' id='word_1_583' title='bbox 1957 2958 2007 2997; x_wconf 90' lang='lat' dir='ltr'><strong>ad</strong></span> <span class='ocrx_word' id='word_1_584' title='bbox 2033 2957 2225 2996; x_wconf 88' lang='lat' dir='ltr'><strong>rationem</strong></span> <span class='ocrx_word' id='word_1_585' title='bbox 2251 2957 2412 2998; x_wconf 73' lang='lat' dir='ltr'><strong>civitatis</strong></span> 
     </span>
    </p>
   </div>
  </div>
 </body>
</html>
