<?xml version="1.0" encoding="UTF-8"?>
<!DOCTYPE html PUBLIC "-//W3C//DTD XHTML 1.0 Transitional//EN"
    "http://www.w3.org/TR/xhtml1/DTD/xhtml1-transitional.dtd">
<html xmlns="http://www.w3.org/1999/xhtml" xml:lang="en" lang="en">
 <head>
  <title>
</title>
<meta http-equiv="Content-Type" content="text/html;charset=utf-8" />
  <meta name='ocr-system' content='tesseract 3.04.00' />
  <meta name='ocr-capabilities' content='ocr_page ocr_carea ocr_par ocr_line ocrx_word'/>
</head>
<body>
  <div class='ocr_page' id='page_1' title='image "4771408_0028.png"; bbox 0 0 2634 3601; ppageno 0'>
   <div class='ocr_carea' id='block_1_1' title="bbox 204 282 2452 2984">
    <p class='ocr_par' dir='ltr' id='par_1_1' title="bbox 210 282 2449 968">
     <span class='ocr_line' id='line_1_1' title="bbox 214 282 2449 340; baseline -0.003 -11"><span class='ocrx_word' id='word_1_1' title='bbox 214 287 496 338; x_wconf 75' lang='lat' dir='ltr'><strong>discreparent,</strong></span> <span class='ocrx_word' id='word_1_2' title='bbox 533 284 639 340; x_wconf 91' lang='lat' dir='ltr'><strong>(nam</strong></span> <span class='ocrx_word' id='word_1_3' title='bbox 666 286 800 329; x_wconf 88' lang='lat' dir='ltr'><strong>Cicero</strong></span> <span class='ocrx_word' id='word_1_4' title='bbox 833 287 1058 329; x_wconf 75' lang='lat' dir='ltr'><strong>humanitati</strong></span> <span class='ocrx_word' id='word_1_5' title='bbox 1089 290 1208 338; x_wconf 88' lang='lat' dir='ltr'><strong>atque</strong></span> <span class='ocrx_word' id='word_1_6' title='bbox 1244 297 1399 327; x_wconf 90' lang='lat' dir='ltr'><strong>morum</strong></span> <span class='ocrx_word' id='word_1_7' title='bbox 1426 287 1600 327; x_wconf 84' lang='lat' dir='ltr'><strong>suavitati</strong></span> <span class='ocrx_word' id='word_1_8' title='bbox 1624 287 1845 337; x_wconf 76' lang='lat' dir='ltr'><strong>gratiaeque</strong></span> <span class='ocrx_word' id='word_1_9' title='bbox 1880 288 1919 326; x_wconf 85' lang='lat' dir='ltr'><strong>et</strong></span> <span class='ocrx_word' id='word_1_10' title='bbox 1943 285 2110 326; x_wconf 86' lang='lat' dir='ltr'><strong>aliorum</strong></span> <span class='ocrx_word' id='word_1_11' title='bbox 2142 283 2330 325; x_wconf 85' lang='lat' dir='ltr'><strong>voluntati</strong></span> <span class='ocrx_word' id='word_1_12' title='bbox 2362 282 2449 334; x_wconf 87' lang='lat' dir='ltr'><strong>plus</strong></span> 
     </span>
     <span class='ocr_line' id='line_1_2' title="bbox 213 345 2447 402; baseline -0.002 -12"><span class='ocrx_word' id='word_1_13' title='bbox 213 351 348 397; x_wconf 86' lang='lat' dir='ltr'><strong>dabat,</strong></span> <span class='ocrx_word' id='word_1_14' title='bbox 385 359 503 399; x_wconf 91' lang='lat' dir='ltr'><strong>quam</strong></span> <span class='ocrx_word' id='word_1_15' title='bbox 534 361 606 400; x_wconf 90' lang='lat' dir='ltr'><strong>par</strong></span> <span class='ocrx_word' id='word_1_16' title='bbox 630 353 731 399; x_wconf 90' lang='lat' dir='ltr'><strong>erat,</strong></span> <span class='ocrx_word' id='word_1_17' title='bbox 762 362 883 402; x_wconf 89' lang='lat' dir='ltr'><strong>quum</strong></span> <span class='ocrx_word' id='word_1_18' title='bbox 910 350 1004 394; x_wconf 84' lang='lat' dir='ltr'><strong>Cato</strong></span> <span class='ocrx_word' id='word_1_19' title='bbox 1037 350 1096 391; x_wconf 91' lang='lat' dir='ltr'><strong>his</strong></span> <span class='ocrx_word' id='word_1_20' title='bbox 1129 350 1248 389; x_wconf 88' lang='lat' dir='ltr'><strong>rebus</strong></span> <span class='ocrx_word' id='word_1_21' title='bbox 1282 349 1375 389; x_wconf 87' lang='lat' dir='ltr'><strong>nibil</strong></span> <span class='ocrx_word' id='word_1_22' title='bbox 1408 349 1534 395; x_wconf 86' lang='lat' dir='ltr'><strong>daret;</strong></span> <span class='ocrx_word' id='word_1_23' title='bbox 1570 352 1686 398; x_wconf 90' lang='lat' dir='ltr'><strong>atque</strong></span> <span class='ocrx_word' id='word_1_24' title='bbox 1718 350 1833 388; x_wconf 89' lang='lat' dir='ltr'><strong>etiam</strong></span> <span class='ocrx_word' id='word_1_25' title='bbox 1864 349 2049 397; x_wconf 88' lang='lat' dir='ltr'><strong>amicitia,</strong></span> <span class='ocrx_word' id='word_1_26' title='bbox 2083 358 2162 399; x_wconf 87' lang='lat' dir='ltr'><strong>qua</strong></span> <span class='ocrx_word' id='word_1_27' title='bbox 2188 345 2323 387; x_wconf 90' lang='lat' dir='ltr'><strong>Cicero</strong></span> <span class='ocrx_word' id='word_1_28' title='bbox 2356 356 2447 385; x_wconf 87' lang='lat' dir='ltr'><strong>cum</strong></span> 
     </span>
     <span class='ocr_line' id='line_1_3' title="bbox 213 404 2444 464; baseline -0.002 -12"><span class='ocrx_word' id='word_1_29' title='bbox 213 412 361 452; x_wconf 85' lang='lat' dir='ltr'><strong>Catone</strong></span> <span class='ocrx_word' id='word_1_30' title='bbox 391 412 711 464; x_wconf 81' lang='lat' dir='ltr'><strong>conjungebatur,</strong></span> <span class='ocrx_word' id='word_1_31' title='bbox 746 424 825 452; x_wconf 92' lang='lat' dir='ltr'><strong>non</strong></span> <span class='ocrx_word' id='word_1_32' title='bbox 859 416 963 454; x_wconf 91' lang='lat' dir='ltr'><strong>omni</strong></span> <span class='ocrx_word' id='word_1_33' title='bbox 994 412 1251 454; x_wconf 79' lang='lat' dir='ltr'><strong>vicissitudine</strong></span> <span class='ocrx_word' id='word_1_34' title='bbox 1284 414 1323 451; x_wconf 88' lang='lat' dir='ltr'><strong>et</strong></span> <span class='ocrx_word' id='word_1_35' title='bbox 1347 413 1597 452; x_wconf 85' lang='lat' dir='ltr'><strong>fluctuatione</strong></span> <span class='ocrx_word' id='word_1_36' title='bbox 1625 408 1796 463; x_wconf 78' lang='lat' dir='ltr'>carebat)</span> <span class='ocrx_word' id='word_1_37' title='bbox 1831 409 1916 463; x_wconf 84' lang='lat' dir='ltr'><strong>(Ep.</strong></span> <span class='ocrx_word' id='word_1_38' title='bbox 1943 413 1993 450; x_wconf 86' lang='lat' dir='ltr'><strong>ad</strong></span> <span class='ocrx_word' id='word_1_39' title='bbox 2017 412 2129 451; x_wconf 77' lang='lat' dir='ltr'><strong>Attio.</strong></span> <span class='ocrx_word' id='word_1_40' title='bbox 2159 408 2195 457; x_wconf 95' lang='lat' dir='ltr'><strong>l,</strong></span> <span class='ocrx_word' id='word_1_41' title='bbox 2224 406 2285 450; x_wconf 89' lang='grc'><strong>10.</strong></span> <span class='ocrx_word' id='word_1_42' title='bbox 2312 404 2352 456; x_wconf 89' lang='grc'><strong>3,</strong></span> <span class='ocrx_word' id='word_1_43' title='bbox 2381 405 2444 448; x_wconf 87' lang='lat'><strong>15.</strong></span> 
     </span>
     <span class='ocr_line' id='line_1_4' title="bbox 212 471 2447 531; baseline -0.001 -15"><span class='ocrx_word' id='word_1_44' title='bbox 212 475 264 516; x_wconf 88' lang='lat' dir='ltr'><strong>ad</strong></span> <span class='ocrx_word' id='word_1_45' title='bbox 290 475 361 516; x_wconf 91' lang='lat' dir='ltr'><strong>div.</strong></span> <span class='ocrx_word' id='word_1_46' title='bbox 391 471 431 524; x_wconf 93' lang='lat' dir='ltr'><strong>l,</strong></span> <span class='ocrx_word' id='word_1_47' title='bbox 453 472 491 516; x_wconf 85' lang='lat'><strong>5.</strong></span> <span class='ocrx_word' id='word_1_48' title='bbox 519 477 569 517; x_wconf 89' lang='lat' dir='ltr'><strong>ad</strong></span> <span class='ocrx_word' id='word_1_49' title='bbox 595 475 644 525; x_wconf 89' lang='lat' dir='ltr'><strong>Q.</strong></span> <span class='ocrx_word' id='word_1_50' title='bbox 674 476 834 515; x_wconf 83' lang='lat' dir='ltr'><strong>fratrem</strong></span> <span class='ocrx_word' id='word_1_51' title='bbox 862 474 906 524; x_wconf 92' lang='lat'><strong>1,</strong></span> <span class='ocrx_word' id='word_1_52' title='bbox 930 472 969 517; x_wconf 83' lang='lat'><strong>3.</strong></span> <span class='ocrx_word' id='word_1_53' title='bbox 996 477 1097 518; x_wconf 89' lang='lat' dir='ltr'><strong>Plut.</strong></span> <span class='ocrx_word' id='word_1_54' title='bbox 1126 475 1209 517; x_wconf 88' lang='lat' dir='ltr'><strong>Cat.</strong></span> <span class='ocrx_word' id='word_1_55' title='bbox 1249 486 1306 526; x_wconf 88' lang='lat' dir='ltr'><strong>cp.</strong></span> <span class='ocrx_word' id='word_1_56' title='bbox 1332 472 1433 531; x_wconf 83' lang='lat'><strong>40.);</strong></span> <span class='ocrx_word' id='word_1_57' title='bbox 1468 476 1603 517; x_wconf 91' lang='lat' dir='ltr'><strong>Cicero</strong></span> <span class='ocrx_word' id='word_1_58' title='bbox 1630 476 1746 527; x_wconf 87' lang='lat' dir='ltr'><strong>igitur</strong></span> <span class='ocrx_word' id='word_1_59' title='bbox 1770 473 2017 514; x_wconf 90' lang='lat' dir='ltr'><strong>nihilominus</strong></span> <span class='ocrx_word' id='word_1_60' title='bbox 2044 473 2228 513; x_wconf 81' lang='lat' dir='ltr'><strong>Catonem</strong></span> <span class='ocrx_word' id='word_1_61' title='bbox 2253 473 2447 525; x_wconf 85' lang='lat' dir='ltr'><strong>diligebat,</strong></span> 
     </span>
     <span class='ocr_line' id='line_1_5' title="bbox 211 534 2445 591; baseline -0.001 -13"><span class='ocrx_word' id='word_1_62' title='bbox 211 538 396 589; x_wconf 88' lang='lat' dir='ltr'><strong>primum,</strong></span> <span class='ocrx_word' id='word_1_63' title='bbox 430 540 534 590; x_wconf 94' lang='lat' dir='ltr'><strong>quod</strong></span> <span class='ocrx_word' id='word_1_64' title='bbox 559 540 773 580; x_wconf 92' lang='lat' dir='ltr'><strong>maximum</strong></span> <span class='ocrx_word' id='word_1_65' title='bbox 800 540 900 585; x_wconf 89' lang='lat' dir='ltr'><strong>erat,</strong></span> <span class='ocrx_word' id='word_1_66' title='bbox 926 542 1084 591; x_wconf 87' lang='lat' dir='ltr'><strong>propter</strong></span> <span class='ocrx_word' id='word_1_67' title='bbox 1111 539 1358 580; x_wconf 88' lang='lat' dir='ltr'><strong>consiliorum</strong></span> <span class='ocrx_word' id='word_1_68' title='bbox 1384 540 1631 587; x_wconf 89' lang='lat' dir='ltr'><strong>affinitatem,</strong></span> <span class='ocrx_word' id='word_1_69' title='bbox 1667 540 1757 590; x_wconf 92' lang='lat' dir='ltr'><strong>quia</strong></span> <span class='ocrx_word' id='word_1_70' title='bbox 1785 537 1881 578; x_wconf 92' lang='lat' dir='ltr'><strong>Cato</strong></span> <span class='ocrx_word' id='word_1_71' title='bbox 1908 547 2034 587; x_wconf 89' lang='lat' dir='ltr'><strong>aeque</strong></span> <span class='ocrx_word' id='word_1_72' title='bbox 2061 538 2179 586; x_wconf 89' lang='lat' dir='ltr'><strong>atque</strong></span> <span class='ocrx_word' id='word_1_73' title='bbox 2206 534 2337 575; x_wconf 88' lang='lat' dir='ltr'><strong>Cicero</strong></span> <span class='ocrx_word' id='word_1_74' title='bbox 2362 537 2445 587; x_wconf 87' lang='lat' dir='ltr'><strong>ipse</strong></span> 
     </span>
     <span class='ocr_line' id='line_1_6' title="bbox 212 597 2445 654; baseline -0.003 -13"><span class='ocrx_word' id='word_1_75' title='bbox 212 612 237 641; x_wconf 87' lang='lat' dir='ltr'><strong>a</strong></span> <span class='ocrx_word' id='word_1_76' title='bbox 256 603 463 653; x_wconf 77' lang='lat' dir='ltr'><strong>maioribus</strong></span> <span class='ocrx_word' id='word_1_77' title='bbox 489 603 669 642; x_wconf 78' lang='lat' dir='ltr'><strong>traditam</strong></span> <span class='ocrx_word' id='word_1_78' title='bbox 694 602 929 652; x_wconf 88' lang='lat' dir='ltr'><strong>reipublicae</strong></span> <span class='ocrx_word' id='word_1_79' title='bbox 954 601 1119 642; x_wconf 85' lang='lat' dir='ltr'><strong>formam</strong></span> <span class='ocrx_word' id='word_1_80' title='bbox 1144 612 1296 642; x_wconf 83' lang='lat' dir='ltr'><strong>servare</strong></span> <span class='ocrx_word' id='word_1_81' title='bbox 1322 605 1512 654; x_wconf 88' lang='lat' dir='ltr'><strong>cupiebat,</strong></span> <span class='ocrx_word' id='word_1_82' title='bbox 1539 613 1704 652; x_wconf 89' lang='lat' dir='ltr'><strong>eamque</strong></span> <span class='ocrx_word' id='word_1_83' title='bbox 1731 604 1867 641; x_wconf 90' lang='lat' dir='ltr'><strong>contra</strong></span> <span class='ocrx_word' id='word_1_84' title='bbox 1894 600 2101 641; x_wconf 90' lang='lat' dir='ltr'><strong>Caesarem</strong></span> <span class='ocrx_word' id='word_1_85' title='bbox 2129 599 2288 648; x_wconf 88' lang='lat' dir='ltr'><strong>ejusque</strong></span> <span class='ocrx_word' id='word_1_86' title='bbox 2315 597 2445 636; x_wconf 72' lang='lat' dir='ltr'><strong>factio-</strong></span> 
     </span>
     <span class='ocr_line' id='line_1_7' title="bbox 211 659 2447 716; baseline -0.003 -11"><span class='ocrx_word' id='word_1_87' title='bbox 211 676 301 706; x_wconf 87' lang='lat' dir='ltr'><strong>nem</strong></span> <span class='ocrx_word' id='word_1_88' title='bbox 326 665 572 713; x_wconf 84' lang='lat' dir='ltr'><strong>defendebat,</strong></span> <span class='ocrx_word' id='word_1_89' title='bbox 607 665 744 705; x_wconf 88' lang='lat' dir='ltr'><strong>deinde</strong></span> <span class='ocrx_word' id='word_1_90' title='bbox 770 665 862 716; x_wconf 90' lang='lat' dir='ltr'><strong>quia</strong></span> <span class='ocrx_word' id='word_1_91' title='bbox 888 664 1047 705; x_wconf 90' lang='lat' dir='ltr'><strong>omnino</strong></span> <span class='ocrx_word' id='word_1_92' title='bbox 1074 665 1221 705; x_wconf 86' lang='lat' dir='ltr'><strong>virtutis</strong></span> <span class='ocrx_word' id='word_1_93' title='bbox 1248 675 1380 707; x_wconf 89' lang='lat' dir='ltr'><strong>amans</strong></span> <span class='ocrx_word' id='word_1_94' title='bbox 1406 669 1507 714; x_wconf 86' lang='lat' dir='ltr'><strong>erat,</strong></span> <span class='ocrx_word' id='word_1_95' title='bbox 1540 669 1597 713; x_wconf 87' lang='lat' dir='ltr'><strong>et,</strong></span> <span class='ocrx_word' id='word_1_96' title='bbox 1632 665 1663 705; x_wconf 90' lang='lat' dir='ltr'><strong>si</strong></span> <span class='ocrx_word' id='word_1_97' title='bbox 1690 675 1882 705; x_wconf 91' lang='lat' dir='ltr'><strong>summam</strong></span> <span class='ocrx_word' id='word_1_98' title='bbox 1907 664 1967 704; x_wconf 91' lang='lat' dir='ltr'><strong>rei</strong></span> <span class='ocrx_word' id='word_1_99' title='bbox 1994 664 2164 715; x_wconf 88' lang='lat' dir='ltr'><strong>spectes,</strong></span> <span class='ocrx_word' id='word_1_100' title='bbox 2192 659 2447 710; x_wconf 77' lang='lat' dir='ltr'><strong>integerrimis</strong></span> 
     </span>
     <span class='ocr_line' id='line_1_8' title="bbox 211 723 2449 779; baseline -0.003 -11"><span class='ocrx_word' id='word_1_101' title='bbox 211 729 395 775; x_wconf 88' lang='lat' dir='ltr'><strong>moribus,</strong></span> <span class='ocrx_word' id='word_1_102' title='bbox 421 728 603 778; x_wconf 88' lang='lat' dir='ltr'><strong>denique,</strong></span> <span class='ocrx_word' id='word_1_103' title='bbox 629 729 720 778; x_wconf 92' lang='lat' dir='ltr'><strong>quia</strong></span> <span class='ocrx_word' id='word_1_104' title='bbox 745 727 1009 778; x_wconf 79' lang='lat' dir='ltr'><strong>philosophiae</strong></span> <span class='ocrx_word' id='word_1_105' title='bbox 1035 728 1161 767; x_wconf 88' lang='lat' dir='ltr'><strong>studio</strong></span> <span class='ocrx_word' id='word_1_106' title='bbox 1188 728 1299 767; x_wconf 88' lang='lat' dir='ltr'><strong>sicuti</strong></span> <span class='ocrx_word' id='word_1_107' title='bbox 1324 727 1457 768; x_wconf 89' lang='lat' dir='ltr'><strong>Cicero</strong></span> <span class='ocrx_word' id='word_1_108' title='bbox 1483 729 1565 779; x_wconf 90' lang='lat' dir='ltr'><strong>ipse</strong></span> <span class='ocrx_word' id='word_1_109' title='bbox 1590 728 1797 777; x_wconf 86' lang='lat' dir='ltr'><strong>flagrabat,</strong></span> <span class='ocrx_word' id='word_1_110' title='bbox 1825 728 1894 766; x_wconf 86' lang='lat' dir='ltr'><strong>etsi</strong></span> <span class='ocrx_word' id='word_1_111' title='bbox 1920 728 1983 766; x_wconf 89' lang='lat' dir='ltr'><strong>alii</strong></span> <span class='ocrx_word' id='word_1_112' title='bbox 2011 724 2235 775; x_wconf 89' lang='lat' dir='ltr'><strong>disciplinae</strong></span> <span class='ocrx_word' id='word_1_113' title='bbox 2262 723 2449 762; x_wconf 88' lang='lat' dir='ltr'><strong>addictus.</strong></span> 
     </span>
     <span class='ocr_line' id='line_1_9' title="bbox 211 785 2448 842; baseline -0.003 -11"><span class='ocrx_word' id='word_1_114' title='bbox 211 791 401 832; x_wconf 88' lang='lat' dir='ltr'><strong>Plurimas</strong></span> <span class='ocrx_word' id='word_1_115' title='bbox 432 792 468 831; x_wconf 92' lang='lat' dir='ltr'><strong>ei</strong></span> <span class='ocrx_word' id='word_1_116' title='bbox 494 790 627 831; x_wconf 89' lang='lat' dir='ltr'><strong>Cicero</strong></span> <span class='ocrx_word' id='word_1_117' title='bbox 664 791 797 831; x_wconf 74' lang='lat' dir='ltr'><strong>laudes</strong></span> <span class='ocrx_word' id='word_1_118' title='bbox 829 790 964 830; x_wconf 89' lang='lat' dir='ltr'><strong>tribuit</strong></span> <span class='ocrx_word' id='word_1_119' title='bbox 994 790 1035 829; x_wconf 91' lang='lat' dir='ltr'><strong>in</strong></span> <span class='ocrx_word' id='word_1_120' title='bbox 1070 791 1244 831; x_wconf 88' lang='lat' dir='ltr'><strong>oratione</strong></span> <span class='ocrx_word' id='word_1_121' title='bbox 1269 803 1340 842; x_wconf 92' lang='lat' dir='ltr'><strong>pro</strong></span> <span class='ocrx_word' id='word_1_122' title='bbox 1368 792 1518 839; x_wconf 89' lang='lat' dir='ltr'><strong>Sextio,</strong></span> <span class='ocrx_word' id='word_1_123' title='bbox 1553 802 1635 841; x_wconf 89' lang='lat' dir='ltr'><strong>cap.</strong></span> <span class='ocrx_word' id='word_1_124' title='bbox 1662 787 1744 838; x_wconf 69' lang='lat'><strong>28„</strong></span> <span class='ocrx_word' id='word_1_125' title='bbox 1772 791 1979 841; x_wconf 89' lang='lat' dir='ltr'><strong>multisque</strong></span> <span class='ocrx_word' id='word_1_126' title='bbox 2006 789 2089 829; x_wconf 91' lang='lat' dir='ltr'><strong>aliis</strong></span> <span class='ocrx_word' id='word_1_127' title='bbox 2117 787 2231 833; x_wconf 90' lang='lat' dir='ltr'><strong>locis,</strong></span> <span class='ocrx_word' id='word_1_128' title='bbox 2258 785 2448 825; x_wconf 89' lang='lat' dir='ltr'><strong>maximas</strong></span> 
     </span>
     <span class='ocr_line' id='line_1_10' title="bbox 210 847 2449 906; baseline -0.004 -12"><span class='ocrx_word' id='word_1_129' title='bbox 210 854 327 894; x_wconf 85' lang='lat' dir='ltr'><strong>etiam</strong></span> <span class='ocrx_word' id='word_1_130' title='bbox 353 854 434 894; x_wconf 90' lang='lat' dir='ltr'><strong>sine</strong></span> <span class='ocrx_word' id='word_1_131' title='bbox 461 853 578 892; x_wconf 93' lang='lat' dir='ltr'><strong>dubio</strong></span> <span class='ocrx_word' id='word_1_132' title='bbox 603 854 643 893; x_wconf 93' lang='lat' dir='ltr'><strong>in</strong></span> <span class='ocrx_word' id='word_1_133' title='bbox 669 853 853 904; x_wconf 78' lang='lat' dir='ltr'><strong>singulari</strong></span> <span class='ocrx_word' id='word_1_134' title='bbox 878 852 943 892; x_wconf 92' lang='lat' dir='ltr'><strong>illo</strong></span> <span class='ocrx_word' id='word_1_135' title='bbox 970 852 1019 892; x_wconf 90' lang='lat' dir='ltr'><strong>de</strong></span> <span class='ocrx_word' id='word_1_136' title='bbox 1045 851 1192 894; x_wconf 89' lang='lat' dir='ltr'><strong>Catone</strong></span> <span class='ocrx_word' id='word_1_137' title='bbox 1217 854 1335 902; x_wconf 89' lang='lat' dir='ltr'><strong>libro,</strong></span> <span class='ocrx_word' id='word_1_138' title='bbox 1369 856 1434 906; x_wconf 92' lang='lat' dir='ltr'><strong>qui</strong></span> <span class='ocrx_word' id='word_1_139' title='bbox 1466 855 1627 901; x_wconf 91' lang='lat' dir='ltr'><strong>interiit,</strong></span> <span class='ocrx_word' id='word_1_140' title='bbox 1661 854 1725 904; x_wconf 92' lang='lat' dir='ltr'><strong>qui</strong></span> <span class='ocrx_word' id='word_1_141' title='bbox 1751 853 1920 893; x_wconf 88' lang='lat' dir='ltr'><strong>laudatio</strong></span> <span class='ocrx_word' id='word_1_142' title='bbox 1948 851 2142 903; x_wconf 83' lang='lat' dir='ltr'><strong>quaedam</strong></span> <span class='ocrx_word' id='word_1_143' title='bbox 2169 848 2343 889; x_wconf 83' lang='lat' dir='ltr'><strong>funebris</strong></span> <span class='ocrx_word' id='word_1_144' title='bbox 2367 847 2449 897; x_wconf 84' lang='lat' dir='ltr'><strong>ejus</strong></span> 
     </span>
     <span class='ocr_line' id='line_1_11' title="bbox 210 915 1222 968; baseline 0.001 -12"><span class='ocrx_word' id='word_1_145' title='bbox 210 920 310 964; x_wconf 87' lang='lat' dir='ltr'><strong>erat,</strong></span> <span class='ocrx_word' id='word_1_146' title='bbox 338 917 399 956; x_wconf 89' lang='lat' dir='ltr'><strong>cui</strong></span> <span class='ocrx_word' id='word_1_147' title='bbox 427 915 569 956; x_wconf 91' lang='lat' dir='ltr'><strong>Caesar</strong></span> <span class='ocrx_word' id='word_1_148' title='bbox 594 917 866 956; x_wconf 88' lang='lat' dir='ltr'><strong>Anticatonem</strong></span> <span class='ocrx_word' id='word_1_149' title='bbox 892 927 1006 955; x_wconf 90' lang='lat' dir='ltr'><strong>suum</strong></span> <span class='ocrx_word' id='word_1_150' title='bbox 1033 918 1222 968; x_wconf 88' lang='lat' dir='ltr'><strong>opposuit.</strong></span> 
     </span>
    </p>

    <p class='ocr_par' dir='ltr' id='par_1_2' title="bbox 204 975 2452 2918">
     <span class='ocr_line' id='line_1_12' title="bbox 392 975 2449 1029; baseline -0.003 -12"><span class='ocrx_word' id='word_1_151' title='bbox 392 978 444 1018; x_wconf 90' lang='lat' dir='ltr'><strong>Ut</strong></span> <span class='ocrx_word' id='word_1_152' title='bbox 472 979 576 1018; x_wconf 90' lang='lat' dir='ltr'><strong>hunc</strong></span> <span class='ocrx_word' id='word_1_153' title='bbox 608 980 656 1019; x_wconf 92' lang='lat' dir='ltr'><strong>de</strong></span> <span class='ocrx_word' id='word_1_154' title='bbox 684 979 839 1019; x_wconf 90' lang='lat' dir='ltr'><strong>Catonis</strong></span> <span class='ocrx_word' id='word_1_155' title='bbox 873 989 1039 1029; x_wconf 90' lang='lat' dir='ltr'><strong>persona</strong></span> <span class='ocrx_word' id='word_1_156' title='bbox 1073 979 1201 1019; x_wconf 87' lang='lat' dir='ltr'><strong>locum</strong></span> <span class='ocrx_word' id='word_1_157' title='bbox 1233 980 1484 1026; x_wconf 89' lang='lat' dir='ltr'><strong>concludam,</strong></span> <span class='ocrx_word' id='word_1_158' title='bbox 1516 977 1681 1018; x_wconf 84' lang='lat' dir='ltr'><strong>Sallustii</strong></span> <span class='ocrx_word' id='word_1_159' title='bbox 1714 979 1762 1018; x_wconf 91' lang='lat' dir='ltr'><strong>de</strong></span> <span class='ocrx_word' id='word_1_160' title='bbox 1793 990 1841 1018; x_wconf 92' lang='lat' dir='ltr'><strong>eo</strong></span> <span class='ocrx_word' id='word_1_161' title='bbox 1876 978 2105 1017; x_wconf 84' lang='lat' dir='ltr'><strong>sententiam</strong></span> <span class='ocrx_word' id='word_1_162' title='bbox 2131 975 2313 1020; x_wconf 84' lang='lat' dir='ltr'><strong>afferam,</strong></span> <span class='ocrx_word' id='word_1_163' title='bbox 2347 982 2449 1023; x_wconf 87' lang='lat' dir='ltr'><strong>quae</strong></span> 
     </span>
     <span class='ocr_line' id='line_1_13' title="bbox 210 1035 2448 1094; baseline -0.002 -13"><span class='ocrx_word' id='word_1_164' title='bbox 210 1043 268 1081; x_wconf 87' lang='lat' dir='ltr'><strong>est</strong></span> <span class='ocrx_word' id='word_1_165' title='bbox 301 1042 342 1081; x_wconf 91' lang='lat' dir='ltr'><strong>in</strong></span> <span class='ocrx_word' id='word_1_166' title='bbox 369 1042 669 1083; x_wconf 84' lang='lat' dir='ltr'><strong>celebratissima</strong></span> <span class='ocrx_word' id='word_1_167' title='bbox 701 1043 765 1082; x_wconf 91' lang='lat' dir='ltr'><strong>illa</strong></span> <span class='ocrx_word' id='word_1_168' title='bbox 791 1041 948 1082; x_wconf 87' lang='lat' dir='ltr'><strong>Catonis</strong></span> <span class='ocrx_word' id='word_1_169' title='bbox 984 1053 1072 1082; x_wconf 89' lang='lat' dir='ltr'><strong>cum</strong></span> <span class='ocrx_word' id='word_1_170' title='bbox 1099 1041 1264 1083; x_wconf 86' lang='lat' dir='ltr'><strong>Caesare</strong></span> <span class='ocrx_word' id='word_1_171' title='bbox 1295 1043 1585 1094; x_wconf 88' lang='lat' dir='ltr'><strong>comparatione</strong></span> <span class='ocrx_word' id='word_1_172' title='bbox 1618 1039 1717 1094; x_wconf 88' lang='lat' dir='ltr'><strong>(bell.</strong></span> <span class='ocrx_word' id='word_1_173' title='bbox 1747 1042 1853 1083; x_wconf 89' lang='lat' dir='ltr'><strong>Catil.</strong></span> <span class='ocrx_word' id='word_1_174' title='bbox 1882 1053 1964 1092; x_wconf 87' lang='lat' dir='ltr'><strong>cap.</strong></span> <span class='ocrx_word' id='word_1_175' title='bbox 1989 1035 2054 1080; x_wconf 86' lang='lat'><strong>53.</strong></span> <span class='ocrx_word' id='word_1_176' title='bbox 2080 1036 2184 1091; x_wconf 73' lang='lat'>54):</span> <span class='ocrx_word' id='word_1_177' title='bbox 2227 1035 2338 1085; x_wconf 88' lang='lat' dir='ltr'><strong>„Sed</strong></span> <span class='ocrx_word' id='word_1_178' title='bbox 2365 1046 2448 1075; x_wconf 84' lang='lat' dir='ltr'><strong>me-</strong></span> 
     </span>
     <span class='ocr_line' id='line_1_14' title="bbox 209 1098 2447 1158; baseline -0.003 -13"><span class='ocrx_word' id='word_1_179' title='bbox 209 1105 333 1145; x_wconf 91' lang='lat' dir='ltr'><strong>moria</strong></span> <span class='ocrx_word' id='word_1_180' title='bbox 366 1115 455 1145; x_wconf 91' lang='lat' dir='ltr'><strong>mea</strong></span> <span class='ocrx_word' id='word_1_181' title='bbox 487 1106 628 1158; x_wconf 84' lang='lat' dir='ltr'><strong>ingenti</strong></span> <span class='ocrx_word' id='word_1_182' title='bbox 655 1106 805 1155; x_wconf 88' lang='lat' dir='ltr'><strong>virtute,</strong></span> <span class='ocrx_word' id='word_1_183' title='bbox 848 1105 1002 1146; x_wconf 89' lang='lat' dir='ltr'><strong>diversis</strong></span> <span class='ocrx_word' id='word_1_184' title='bbox 1029 1106 1199 1147; x_wconf 90' lang='lat' dir='ltr'><strong>moribus</strong></span> <span class='ocrx_word' id='word_1_185' title='bbox 1227 1105 1336 1147; x_wconf 82' lang='lat' dir='ltr'><strong>fuere</strong></span> <span class='ocrx_word' id='word_1_186' title='bbox 1369 1107 1440 1147; x_wconf 84' lang='lat' dir='ltr'><strong>viri</strong></span> <span class='ocrx_word' id='word_1_187' title='bbox 1467 1105 1566 1154; x_wconf 91' lang='lat' dir='ltr'><strong>duo,</strong></span> <span class='ocrx_word' id='word_1_188' title='bbox 1591 1104 1645 1145; x_wconf 83' lang='grc' dir='ltr'><strong>Μ.</strong></span> <span class='ocrx_word' id='word_1_189' title='bbox 1674 1103 1769 1146; x_wconf 87' lang='lat' dir='ltr'><strong>Cato</strong></span> <span class='ocrx_word' id='word_1_190' title='bbox 1805 1107 1844 1146; x_wconf 91' lang='lat' dir='ltr'><strong>et</strong></span> <span class='ocrx_word' id='word_1_191' title='bbox 1869 1104 1909 1146; x_wconf 89' lang='lat' dir='ltr'><strong>C.</strong></span> <span class='ocrx_word' id='word_1_192' title='bbox 1937 1103 2096 1151; x_wconf 75' lang='lat' dir='ltr'><strong>Caesar:</strong></span> <span class='ocrx_word' id='word_1_193' title='bbox 2134 1111 2232 1154; x_wconf 93' lang='lat' dir='ltr'><strong>quos</strong></span> <span class='ocrx_word' id='word_1_194' title='bbox 2259 1098 2447 1152; x_wconf 90' lang='lat' dir='ltr'><strong>quoniam</strong></span> 
     </span>
     <span class='ocr_line' id='line_1_15' title="bbox 208 1163 2447 1221; baseline -0.001 -14"><span class='ocrx_word' id='word_1_195' title='bbox 208 1180 271 1208; x_wconf 88' lang='lat' dir='ltr'><strong>res</strong></span> <span class='ocrx_word' id='word_1_196' title='bbox 290 1169 493 1216; x_wconf 88' lang='lat' dir='ltr'><strong>obtulerat,</strong></span> <span class='ocrx_word' id='word_1_197' title='bbox 518 1171 667 1209; x_wconf 91' lang='lat' dir='ltr'><strong>silentio</strong></span> <span class='ocrx_word' id='word_1_198' title='bbox 692 1171 904 1221; x_wconf 90' lang='lat' dir='ltr'><strong>praeterire</strong></span> <span class='ocrx_word' id='word_1_199' title='bbox 930 1180 1010 1208; x_wconf 92' lang='lat' dir='ltr'><strong>non</strong></span> <span class='ocrx_word' id='word_1_200' title='bbox 1036 1170 1107 1208; x_wconf 83' lang='lat' dir='ltr'><strong>fuit</strong></span> <span class='ocrx_word' id='word_1_201' title='bbox 1133 1171 1352 1216; x_wconf 90' lang='lat' dir='ltr'><strong>consilium;</strong></span> <span class='ocrx_word' id='word_1_202' title='bbox 1381 1171 1476 1220; x_wconf 90' lang='lat' dir='ltr'><strong>quin</strong></span> <span class='ocrx_word' id='word_1_203' title='bbox 1502 1171 1701 1218; x_wconf 90' lang='lat' dir='ltr'><strong>utriusque</strong></span> <span class='ocrx_word' id='word_1_204' title='bbox 1727 1173 1908 1207; x_wconf 89' lang='lat' dir='ltr'><strong>naturam</strong></span> <span class='ocrx_word' id='word_1_205' title='bbox 1934 1173 1973 1207; x_wconf 90' lang='lat' dir='ltr'><strong>et</strong></span> <span class='ocrx_word' id='word_1_206' title='bbox 1997 1178 2143 1212; x_wconf 90' lang='lat' dir='ltr'><strong>mores,</strong></span> <span class='ocrx_word' id='word_1_207' title='bbox 2171 1167 2361 1215; x_wconf 87' lang='lat' dir='ltr'><strong>quantum</strong></span> <span class='ocrx_word' id='word_1_208' title='bbox 2388 1163 2447 1201; x_wconf 88' lang='lat' dir='ltr'><strong>in-</strong></span> 
     </span>
     <span class='ocr_line' id='line_1_16' title="bbox 207 1225 2446 1285; baseline -0.004 -13"><span class='ocrx_word' id='word_1_209' title='bbox 207 1232 320 1282; x_wconf 89' lang='lat' dir='ltr'><strong>genio</strong></span> <span class='ocrx_word' id='word_1_210' title='bbox 353 1243 527 1283; x_wconf 91' lang='lat' dir='ltr'><strong>possem,</strong></span> <span class='ocrx_word' id='word_1_211' title='bbox 568 1234 770 1284; x_wconf 89' lang='lat' dir='ltr'><strong>aperirem.</strong></span> <span class='ocrx_word' id='word_1_212' title='bbox 830 1233 952 1284; x_wconf 89' lang='lat' dir='ltr'><strong>Igitur</strong></span> <span class='ocrx_word' id='word_1_213' title='bbox 982 1232 1041 1273; x_wconf 90' lang='lat' dir='ltr'><strong>his</strong></span> <span class='ocrx_word' id='word_1_214' title='bbox 1073 1245 1213 1285; x_wconf 88' lang='lat' dir='ltr'><strong>genus,</strong></span> <span class='ocrx_word' id='word_1_215' title='bbox 1253 1236 1380 1281; x_wconf 89' lang='lat' dir='ltr'><strong>aetas,</strong></span> <span class='ocrx_word' id='word_1_216' title='bbox 1426 1232 1647 1283; x_wconf 86' lang='lat' dir='ltr'><strong>eloquentia</strong></span> <span class='ocrx_word' id='word_1_217' title='bbox 1685 1243 1807 1282; x_wconf 89' lang='lat' dir='ltr'><strong>paene</strong></span> <span class='ocrx_word' id='word_1_218' title='bbox 1846 1231 2019 1282; x_wconf 89' lang='lat' dir='ltr'><strong>aequalia</strong></span> <span class='ocrx_word' id='word_1_219' title='bbox 2051 1230 2177 1276; x_wconf 82' lang='lat' dir='ltr'><strong>fuere,</strong></span> <span class='ocrx_word' id='word_1_220' title='bbox 2219 1225 2446 1278; x_wconf 85' lang='lat' dir='ltr'><strong>magnitudo</strong></span> 
     </span>
     <span class='ocr_line' id='line_1_17' title="bbox 208 1290 2445 1347; baseline -0.003 -13"><span class='ocrx_word' id='word_1_221' title='bbox 208 1294 325 1334; x_wconf 91' lang='lat' dir='ltr'><strong>animi</strong></span> <span class='ocrx_word' id='word_1_222' title='bbox 350 1305 441 1346; x_wconf 90' lang='lat' dir='ltr'><strong>par,</strong></span> <span class='ocrx_word' id='word_1_223' title='bbox 476 1296 569 1336; x_wconf 91' lang='lat' dir='ltr'><strong>item</strong></span> <span class='ocrx_word' id='word_1_224' title='bbox 595 1297 735 1347; x_wconf 89' lang='lat' dir='ltr'><strong>gloria;</strong></span> <span class='ocrx_word' id='word_1_225' title='bbox 771 1296 839 1336; x_wconf 91' lang='lat' dir='ltr'><strong>sed</strong></span> <span class='ocrx_word' id='word_1_226' title='bbox 868 1296 943 1336; x_wconf 90' lang='lat' dir='ltr'><strong>alia</strong></span> <span class='ocrx_word' id='word_1_227' title='bbox 977 1296 1051 1336; x_wconf 91' lang='lat' dir='ltr'><strong>alii.</strong></span> <span class='ocrx_word' id='word_1_228' title='bbox 1108 1295 1251 1336; x_wconf 90' lang='lat' dir='ltr'><strong>Caesar</strong></span> <span class='ocrx_word' id='word_1_229' title='bbox 1286 1296 1482 1336; x_wconf 87' lang='lat' dir='ltr'><strong>beneficiis</strong></span> <span class='ocrx_word' id='word_1_230' title='bbox 1516 1305 1563 1335; x_wconf 87' lang='lat' dir='ltr'><strong>ac</strong></span> <span class='ocrx_word' id='word_1_231' title='bbox 1593 1295 1856 1334; x_wconf 91' lang='lat' dir='ltr'><strong>munificentia</strong></span> <span class='ocrx_word' id='word_1_232' title='bbox 1887 1305 2048 1345; x_wconf 88' lang='lat' dir='ltr'><strong>magnus</strong></span> <span class='ocrx_word' id='word_1_233' title='bbox 2073 1292 2312 1337; x_wconf 83' lang='lat' dir='ltr'><strong>habebatur,</strong></span> <span class='ocrx_word' id='word_1_234' title='bbox 2345 1290 2445 1328; x_wconf 86' lang='lat' dir='ltr'><strong>inte·</strong></span> 
     </span>
     <span class='ocr_line' id='line_1_18' title="bbox 207 1352 2446 1406; baseline -0.002 -10"><span class='ocrx_word' id='word_1_235' title='bbox 207 1358 346 1406; x_wconf 88' lang='lat' dir='ltr'><strong>gritate</strong></span> <span class='ocrx_word' id='word_1_236' title='bbox 376 1359 477 1397; x_wconf 88' lang='lat' dir='ltr'><strong>vitae</strong></span> <span class='ocrx_word' id='word_1_237' title='bbox 515 1359 622 1399; x_wconf 90' lang='lat' dir='ltr'><strong>Cato.</strong></span> <span class='ocrx_word' id='word_1_238' title='bbox 675 1360 743 1399; x_wconf 90' lang='lat' dir='ltr'><strong>Ille</strong></span> <span class='ocrx_word' id='word_1_239' title='bbox 776 1360 1068 1398; x_wconf 87' lang='lat' dir='ltr'><strong>mansuetudine</strong></span> <span class='ocrx_word' id='word_1_240' title='bbox 1100 1362 1140 1398; x_wconf 90' lang='lat' dir='ltr'><strong>et</strong></span> <span class='ocrx_word' id='word_1_241' title='bbox 1172 1360 1438 1398; x_wconf 84' lang='lat' dir='ltr'><strong>misericordia</strong></span> <span class='ocrx_word' id='word_1_242' title='bbox 1474 1359 1599 1397; x_wconf 91' lang='lat' dir='ltr'><strong>clarus</strong></span> <span class='ocrx_word' id='word_1_243' title='bbox 1627 1359 1762 1404; x_wconf 86' lang='lat' dir='ltr'><strong>factus,</strong></span> <span class='ocrx_word' id='word_1_244' title='bbox 1796 1358 1887 1397; x_wconf 90' lang='lat' dir='ltr'><strong>huic</strong></span> <span class='ocrx_word' id='word_1_245' title='bbox 1917 1359 2093 1396; x_wconf 82' lang='lat' dir='ltr'><strong>severitas</strong></span> <span class='ocrx_word' id='word_1_246' title='bbox 2120 1356 2343 1405; x_wconf 86' lang='lat' dir='ltr'><strong>dignitatem</strong></span> <span class='ocrx_word' id='word_1_247' title='bbox 2378 1352 2446 1391; x_wconf 87' lang='lat' dir='ltr'><strong>ad-</strong></span> 
     </span>
     <span class='ocr_line' id='line_1_19' title="bbox 209 1414 2442 1472; baseline -0.003 -14"><span class='ocrx_word' id='word_1_248' title='bbox 209 1419 365 1459; x_wconf 85' lang='lat' dir='ltr'><strong>diderat.</strong></span> <span class='ocrx_word' id='word_1_249' title='bbox 429 1419 571 1460; x_wconf 84' lang='lat' dir='ltr'><strong>Caesar</strong></span> <span class='ocrx_word' id='word_1_250' title='bbox 605 1422 749 1468; x_wconf 90' lang='lat' dir='ltr'><strong>dando,</strong></span> <span class='ocrx_word' id='word_1_251' title='bbox 792 1422 1046 1468; x_wconf 89' lang='lat' dir='ltr'><strong>sublevando,</strong></span> <span class='ocrx_word' id='word_1_252' title='bbox 1086 1422 1340 1472; x_wconf 89' lang='lat' dir='ltr'><strong>ignoscendo,</strong></span> <span class='ocrx_word' id='word_1_253' title='bbox 1381 1422 1479 1461; x_wconf 89' lang='lat' dir='ltr'><strong>Cato</strong></span> <span class='ocrx_word' id='word_1_254' title='bbox 1522 1422 1615 1460; x_wconf 90' lang='lat' dir='ltr'><strong>nihil</strong></span> <span class='ocrx_word' id='word_1_255' title='bbox 1650 1420 1852 1471; x_wconf 86' lang='lat' dir='ltr'><strong>largiundo</strong></span> <span class='ocrx_word' id='word_1_256' title='bbox 1890 1421 2050 1470; x_wconf 87' lang='lat' dir='ltr'><strong>gloriam</strong></span> <span class='ocrx_word' id='word_1_257' title='bbox 2082 1419 2239 1467; x_wconf 90' lang='lat' dir='ltr'><strong>adeptus</strong></span> <span class='ocrx_word' id='word_1_258' title='bbox 2274 1419 2343 1454; x_wconf 91' lang='lat' dir='ltr'><strong>est.</strong></span> <span class='ocrx_word' id='word_1_259' title='bbox 2397 1414 2442 1452; x_wconf 90' lang='lat' dir='ltr'><strong>In</strong></span> 
     </span>
     <span class='ocr_line' id='line_1_20' title="bbox 208 1478 2443 1536; baseline -0.002 -17"><span class='ocrx_word' id='word_1_260' title='bbox 208 1481 330 1520; x_wconf 87' lang='lat' dir='ltr'><strong>altero</strong></span> <span class='ocrx_word' id='word_1_261' title='bbox 357 1482 504 1522; x_wconf 90' lang='lat' dir='ltr'><strong>miseris</strong></span> <span class='ocrx_word' id='word_1_262' title='bbox 531 1483 749 1534; x_wconf 82' lang='lat' dir='ltr'><strong>perfugium</strong></span> <span class='ocrx_word' id='word_1_263' title='bbox 776 1487 879 1531; x_wconf 88' lang='lat' dir='ltr'><strong>erat,</strong></span> <span class='ocrx_word' id='word_1_264' title='bbox 906 1485 947 1523; x_wconf 91' lang='lat' dir='ltr'><strong>in</strong></span> <span class='ocrx_word' id='word_1_265' title='bbox 973 1484 1094 1523; x_wconf 90' lang='lat' dir='ltr'><strong>altero</strong></span> <span class='ocrx_word' id='word_1_266' title='bbox 1122 1484 1233 1523; x_wconf 89' lang='lat' dir='ltr'><strong>malis</strong></span> <span class='ocrx_word' id='word_1_267' title='bbox 1258 1485 1466 1536; x_wconf 79' lang='lat' dir='ltr'><strong>pernicies3</strong></span> <span class='ocrx_word' id='word_1_268' title='bbox 1494 1484 1592 1523; x_wconf 89' lang='lat' dir='ltr'><strong>illius</strong></span> <span class='ocrx_word' id='word_1_269' title='bbox 1620 1483 1800 1529; x_wconf 85' lang='lat' dir='ltr'><strong>facilitas,</strong></span> <span class='ocrx_word' id='word_1_270' title='bbox 1826 1482 1941 1532; x_wconf 87' lang='lat' dir='ltr'><strong>hujus</strong></span> <span class='ocrx_word' id='word_1_271' title='bbox 1968 1481 2177 1521; x_wconf 82' lang='lat' dir='ltr'><strong>constantia</strong></span> <span class='ocrx_word' id='word_1_272' title='bbox 2200 1478 2443 1518; x_wconf 88' lang='lat' dir='ltr'><strong>laudabatur.</strong></span> 
     </span>
     <span class='ocr_line' id='line_1_21' title="bbox 208 1539 2445 1598; baseline -0.003 -14"><span class='ocrx_word' id='word_1_273' title='bbox 208 1544 411 1584; x_wconf 91' lang='lat' dir='ltr'><strong>Postremo</strong></span> <span class='ocrx_word' id='word_1_274' title='bbox 440 1544 581 1585; x_wconf 89' lang='lat' dir='ltr'><strong>Caesar</strong></span> <span class='ocrx_word' id='word_1_275' title='bbox 614 1547 654 1585; x_wconf 93' lang='lat' dir='ltr'><strong>in</strong></span> <span class='ocrx_word' id='word_1_276' title='bbox 687 1547 860 1587; x_wconf 89' lang='lat' dir='ltr'><strong>animum</strong></span> <span class='ocrx_word' id='word_1_277' title='bbox 893 1547 1099 1596; x_wconf 82' lang='lat' dir='ltr'><strong>induxerat</strong></span> <span class='ocrx_word' id='word_1_278' title='bbox 1123 1547 1321 1595; x_wconf 91' lang='lat' dir='ltr'><strong>laborare,</strong></span> <span class='ocrx_word' id='word_1_279' title='bbox 1355 1548 1529 1598; x_wconf 84' lang='lat' dir='ltr'><strong>vigilare,</strong></span> <span class='ocrx_word' id='word_1_280' title='bbox 1562 1548 1723 1598; x_wconf 83' lang='lat' dir='ltr'><strong>negotiis</strong></span> <span class='ocrx_word' id='word_1_281' title='bbox 1762 1547 1977 1586; x_wconf 88' lang='lat' dir='ltr'><strong>amicorum</strong></span> <span class='ocrx_word' id='word_1_282' title='bbox 2003 1545 2187 1589; x_wconf 89' lang='lat' dir='ltr'><strong>intentus,</strong></span> <span class='ocrx_word' id='word_1_283' title='bbox 2219 1552 2290 1581; x_wconf 89' lang='lat' dir='ltr'><strong>sua</strong></span> <span class='ocrx_word' id='word_1_284' title='bbox 2315 1539 2445 1591; x_wconf 86' lang='lat' dir='ltr'><strong>negle-</strong></span> 
     </span>
     <span class='ocr_line' id='line_1_22' title="bbox 208 1604 2445 1661; baseline -0.002 -15"><span class='ocrx_word' id='word_1_285' title='bbox 208 1617 320 1657; x_wconf 87' lang='lat' dir='ltr'><strong>gere;</strong></span> <span class='ocrx_word' id='word_1_286' title='bbox 359 1607 453 1647; x_wconf 88' lang='lat' dir='ltr'><strong>nihil</strong></span> <span class='ocrx_word' id='word_1_287' title='bbox 480 1609 692 1659; x_wconf 89' lang='lat' dir='ltr'><strong>denegare,</strong></span> <span class='ocrx_word' id='word_1_288' title='bbox 728 1609 833 1658; x_wconf 93' lang='lat' dir='ltr'><strong>quod</strong></span> <span class='ocrx_word' id='word_1_289' title='bbox 860 1609 963 1649; x_wconf 92' lang='lat' dir='ltr'><strong>dono</strong></span> <span class='ocrx_word' id='word_1_290' title='bbox 991 1610 1149 1660; x_wconf 90' lang='lat' dir='ltr'><strong>dignum</strong></span> <span class='ocrx_word' id='word_1_291' title='bbox 1177 1613 1296 1656; x_wconf 89' lang='lat' dir='ltr'><strong>esset;</strong></span> <span class='ocrx_word' id='word_1_292' title='bbox 1328 1611 1399 1650; x_wconf 91' lang='lat' dir='ltr'><strong>sibi</strong></span> <span class='ocrx_word' id='word_1_293' title='bbox 1425 1622 1611 1661; x_wconf 87' lang='lat' dir='ltr'><strong>magnum</strong></span> <span class='ocrx_word' id='word_1_294' title='bbox 1637 1611 1860 1660; x_wconf 88' lang='lat' dir='ltr'><strong>imperium,</strong></span> <span class='ocrx_word' id='word_1_295' title='bbox 1888 1609 2112 1654; x_wconf 80' lang='lat' dir='ltr'><strong>exereitum,</strong></span> <span class='ocrx_word' id='word_1_296' title='bbox 2137 1617 2276 1645; x_wconf 87' lang='lat' dir='ltr'><strong>novum</strong></span> <span class='ocrx_word' id='word_1_297' title='bbox 2301 1604 2445 1643; x_wconf 84' lang='lat' dir='ltr'><strong>bellurn</strong></span> 
     </span>
     <span class='ocr_line' id='line_1_23' title="bbox 208 1670 2442 1724; baseline -0.002 -14"><span class='ocrx_word' id='word_1_298' title='bbox 208 1671 436 1721; x_wconf 80' lang='lat' dir='ltr'><strong>exoptabat,</strong></span> <span class='ocrx_word' id='word_1_299' title='bbox 465 1672 532 1711; x_wconf 92' lang='lat' dir='ltr'><strong>ubi</strong></span> <span class='ocrx_word' id='word_1_300' title='bbox 559 1672 677 1712; x_wconf 91' lang='lat' dir='ltr'><strong>virtus</strong></span> <span class='ocrx_word' id='word_1_301' title='bbox 705 1672 914 1713; x_wconf 88' lang='lat' dir='ltr'><strong>enitescere</strong></span> <span class='ocrx_word' id='word_1_302' title='bbox 940 1676 1082 1724; x_wconf 89' lang='lat' dir='ltr'><strong>posset.</strong></span> <span class='ocrx_word' id='word_1_303' title='bbox 1135 1674 1188 1712; x_wconf 81' lang='lat' dir='ltr'><strong>At</strong></span> <span class='ocrx_word' id='word_1_304' title='bbox 1215 1672 1351 1713; x_wconf 89' lang='lat' dir='ltr'><strong>Catoni</strong></span> <span class='ocrx_word' id='word_1_305' title='bbox 1377 1674 1545 1714; x_wconf 90' lang='lat' dir='ltr'><strong>studium</strong></span> <span class='ocrx_word' id='word_1_306' title='bbox 1572 1673 1806 1721; x_wconf 86' lang='lat' dir='ltr'><strong>modestiae,</strong></span> <span class='ocrx_word' id='word_1_307' title='bbox 1840 1672 2006 1718; x_wconf 80' lang='lat' dir='ltr'><strong>decoriS,</strong></span> <span class='ocrx_word' id='word_1_308' title='bbox 2042 1670 2110 1710; x_wconf 89' lang='lat' dir='ltr'><strong>sed</strong></span> <span class='ocrx_word' id='word_1_309' title='bbox 2135 1679 2311 1709; x_wconf 69' lang='lat' dir='ltr'><strong>maxume</strong></span> <span class='ocrx_word' id='word_1_310' title='bbox 2337 1676 2442 1706; x_wconf 89' lang='lat' dir='ltr'><strong>seve·</strong></span> 
     </span>
     <span class='ocr_line' id='line_1_24' title="bbox 207 1733 2443 1785; baseline -0.002 -13"><span class='ocrx_word' id='word_1_311' title='bbox 207 1734 330 1772; x_wconf 90' lang='lat' dir='ltr'><strong>ritatis</strong></span> <span class='ocrx_word' id='word_1_312' title='bbox 365 1736 460 1772; x_wconf 90' lang='lat' dir='ltr'><strong>erat.</strong></span> <span class='ocrx_word' id='word_1_313' title='bbox 514 1735 603 1774; x_wconf 87' lang='lat' dir='ltr'><strong>Non</strong></span> <span class='ocrx_word' id='word_1_314' title='bbox 636 1735 772 1773; x_wconf 90' lang='lat' dir='ltr'><strong>divitiis</strong></span> <span class='ocrx_word' id='word_1_315' title='bbox 809 1746 898 1774; x_wconf 91' lang='lat' dir='ltr'><strong>cum</strong></span> <span class='ocrx_word' id='word_1_316' title='bbox 930 1736 1062 1782; x_wconf 90' lang='lat' dir='ltr'><strong>divite,</strong></span> <span class='ocrx_word' id='word_1_317' title='bbox 1095 1746 1224 1785; x_wconf 91' lang='lat' dir='ltr'><strong>neque</strong></span> <span class='ocrx_word' id='word_1_318' title='bbox 1251 1736 1417 1776; x_wconf 79' lang='lat' dir='ltr'><strong>factione</strong></span> <span class='ocrx_word' id='word_1_319' title='bbox 1452 1748 1542 1776; x_wconf 88' lang='lat' dir='ltr'><strong>cum</strong></span> <span class='ocrx_word' id='word_1_320' title='bbox 1566 1737 1746 1782; x_wconf 80' lang='lat' dir='ltr'><strong>factioso,</strong></span> <span class='ocrx_word' id='word_1_321' title='bbox 1780 1735 1849 1774; x_wconf 91' lang='lat' dir='ltr'><strong>sed</strong></span> <span class='ocrx_word' id='word_1_322' title='bbox 1876 1746 1966 1774; x_wconf 91' lang='lat' dir='ltr'><strong>cum</strong></span> <span class='ocrx_word' id='word_1_323' title='bbox 1993 1736 2148 1772; x_wconf 89' lang='lat' dir='ltr'><strong>strenuo</strong></span> <span class='ocrx_word' id='word_1_324' title='bbox 2173 1733 2328 1776; x_wconf 80' lang='lat' dir='ltr'><strong>virtute,</strong></span> <span class='ocrx_word' id='word_1_325' title='bbox 2356 1739 2443 1768; x_wconf 86' lang='lat' dir='ltr'><strong>cum</strong></span> 
     </span>
     <span class='ocr_line' id='line_1_25' title="bbox 207 1795 2442 1849; baseline -0.001 -14"><span class='ocrx_word' id='word_1_326' title='bbox 207 1796 383 1835; x_wconf 90' lang='lat' dir='ltr'><strong>modesto</strong></span> <span class='ocrx_word' id='word_1_327' title='bbox 416 1796 584 1847; x_wconf 91' lang='lat' dir='ltr'><strong>pudore,</strong></span> <span class='ocrx_word' id='word_1_328' title='bbox 620 1808 708 1836; x_wconf 91' lang='lat' dir='ltr'><strong>cum</strong></span> <span class='ocrx_word' id='word_1_329' title='bbox 740 1799 946 1838; x_wconf 90' lang='lat' dir='ltr'><strong>innocente</strong></span> <span class='ocrx_word' id='word_1_330' title='bbox 983 1799 1212 1838; x_wconf 87' lang='lat' dir='ltr'><strong>abstinentia</strong></span> <span class='ocrx_word' id='word_1_331' title='bbox 1246 1800 1439 1846; x_wconf 88' lang='lat' dir='ltr'><strong>certabat;</strong></span> <span class='ocrx_word' id='word_1_332' title='bbox 1486 1811 1570 1839; x_wconf 89' lang='lat' dir='ltr'><strong>esse</strong></span> <span class='ocrx_word' id='word_1_333' title='bbox 1606 1810 1723 1849; x_wconf 90' lang='lat' dir='ltr'><strong>quam</strong></span> <span class='ocrx_word' id='word_1_334' title='bbox 1749 1800 1868 1838; x_wconf 90' lang='lat' dir='ltr'><strong>videri</strong></span> <span class='ocrx_word' id='word_1_335' title='bbox 1895 1799 2021 1837; x_wconf 91' lang='lat' dir='ltr'><strong>bonus</strong></span> <span class='ocrx_word' id='word_1_336' title='bbox 2047 1796 2229 1840; x_wconf 86' lang='lat' dir='ltr'><strong>malebat;</strong></span> <span class='ocrx_word' id='word_1_337' title='bbox 2262 1795 2332 1839; x_wconf 89' lang='lat' dir='ltr'><strong>ita,</strong></span> <span class='ocrx_word' id='word_1_338' title='bbox 2363 1802 2442 1841; x_wconf 85' lang='lat' dir='ltr'><strong>quo</strong></span> 
     </span>
     <span class='ocr_line' id='line_1_26' title="bbox 206 1855 2443 1913; baseline -0.002 -15"><span class='ocrx_word' id='word_1_339' title='bbox 206 1859 333 1898; x_wconf 92' lang='lat' dir='ltr'><strong>minus</strong></span> <span class='ocrx_word' id='word_1_340' title='bbox 357 1859 518 1910; x_wconf 86' lang='lat' dir='ltr'><strong>gloriam</strong></span> <span class='ocrx_word' id='word_1_341' title='bbox 543 1860 718 1910; x_wconf 89' lang='lat' dir='ltr'><strong>petebat,</strong></span> <span class='ocrx_word' id='word_1_342' title='bbox 753 1871 801 1899; x_wconf 91' lang='lat' dir='ltr'><strong>eo</strong></span> <span class='ocrx_word' id='word_1_343' title='bbox 828 1861 949 1911; x_wconf 89' lang='lat' dir='ltr'><strong>magis</strong></span> <span class='ocrx_word' id='word_1_344' title='bbox 976 1862 1249 1910; x_wconf 88' lang='lat' dir='ltr'><strong>sequebatur.“</strong></span> <span class='ocrx_word' id='word_1_345' title='bbox 1302 1862 1414 1902; x_wconf 83' lang='lat' dir='ltr'><strong>Addo</strong></span> <span class='ocrx_word' id='word_1_346' title='bbox 1446 1862 1595 1912; x_wconf 87' lang='lat' dir='ltr'><strong>aliquot</strong></span> <span class='ocrx_word' id='word_1_347' title='bbox 1621 1862 1726 1902; x_wconf 91' lang='lat' dir='ltr'><strong>locos</strong></span> <span class='ocrx_word' id='word_1_348' title='bbox 1755 1863 1838 1913; x_wconf 77' lang='lat' dir='ltr'><strong>eJus</strong></span> <span class='ocrx_word' id='word_1_349' title='bbox 1863 1860 2066 1906; x_wconf 86' lang='lat' dir='ltr'><strong>orationis,</strong></span> <span class='ocrx_word' id='word_1_350' title='bbox 2103 1869 2218 1908; x_wconf 91' lang='lat' dir='ltr'><strong>quam</strong></span> <span class='ocrx_word' id='word_1_351' title='bbox 2245 1855 2443 1896; x_wconf 83' lang='lat' dir='ltr'><strong>Sallustius</strong></span> 
     </span>
     <span class='ocr_line' id='line_1_27' title="bbox 207 1919 2441 1975; baseline -0.001 -14"><span class='ocrx_word' id='word_1_352' title='bbox 207 1921 344 1961; x_wconf 89' lang='lat' dir='ltr'><strong>Catoni</strong></span> <span class='ocrx_word' id='word_1_353' title='bbox 373 1922 525 1967; x_wconf 86' lang='lat' dir='ltr'><strong>tribuit,</strong></span> <span class='ocrx_word' id='word_1_354' title='bbox 553 1922 601 1959; x_wconf 90' lang='lat' dir='ltr'><strong>de</strong></span> <span class='ocrx_word' id='word_1_355' title='bbox 634 1932 761 1971; x_wconf 91' lang='lat' dir='ltr'><strong>poena</strong></span> <span class='ocrx_word' id='word_1_356' title='bbox 794 1923 1003 1971; x_wconf 82' lang='lat' dir='ltr'><strong>conjuratis</strong></span> <span class='ocrx_word' id='word_1_357' title='bbox 1029 1925 1239 1974; x_wconf 88' lang='lat' dir='ltr'><strong>irroganda</strong></span> <span class='ocrx_word' id='word_1_358' title='bbox 1271 1936 1382 1963; x_wconf 90' lang='lat' dir='ltr'><strong>suam</strong></span> <span class='ocrx_word' id='word_1_359' title='bbox 1417 1926 1646 1964; x_wconf 88' lang='lat' dir='ltr'><strong>sententiam</strong></span> <span class='ocrx_word' id='word_1_360' title='bbox 1678 1924 1922 1974; x_wconf 89' lang='lat' dir='ltr'><strong>expromenti</strong></span> <span class='ocrx_word' id='word_1_361' title='bbox 1957 1922 2055 1975; x_wconf 88' lang='lat' dir='ltr'><strong>(cap.</strong></span> <span class='ocrx_word' id='word_1_362' title='bbox 2082 1919 2182 1973; x_wconf 67' lang='lat'><strong>52),</strong></span> <span class='ocrx_word' id='word_1_363' title='bbox 2214 1929 2315 1969; x_wconf 92' lang='lat' dir='ltr'><strong>quae</strong></span> <span class='ocrx_word' id='word_1_364' title='bbox 2339 1920 2441 1955; x_wconf 67' lang='lat' dir='ltr'><strong>certe</strong></span> 
     </span>
     <span class='ocr_line' id='line_1_28' title="bbox 207 1982 2445 2036; baseline -0.003 -12"><span class='ocrx_word' id='word_1_365' title='bbox 207 1984 257 2024; x_wconf 91' lang='lat' dir='ltr'><strong>ad</strong></span> <span class='ocrx_word' id='word_1_366' title='bbox 281 1984 478 2024; x_wconf 86' lang='lat' dir='ltr'><strong>veritatem</strong></span> <span class='ocrx_word' id='word_1_367' title='bbox 506 1995 687 2035; x_wconf 89' lang='lat' dir='ltr'><strong>expressa</strong></span> <span class='ocrx_word' id='word_1_368' title='bbox 714 1987 782 2024; x_wconf 91' lang='lat' dir='ltr'><strong>est.</strong></span> <span class='ocrx_word' id='word_1_369' title='bbox 836 1985 881 2024; x_wconf 95' lang='lat' dir='ltr'><strong>In</strong></span> <span class='ocrx_word' id='word_1_370' title='bbox 915 1996 962 2025; x_wconf 87' lang='lat' dir='ltr'><strong>ea</strong></span> <span class='ocrx_word' id='word_1_371' title='bbox 989 1986 1081 2026; x_wconf 91' lang='lat' dir='ltr'><strong>satis</strong></span> <span class='ocrx_word' id='word_1_372' title='bbox 1105 1986 1227 2026; x_wconf 90' lang='lat' dir='ltr'><strong>multa</strong></span> <span class='ocrx_word' id='word_1_373' title='bbox 1254 1987 1507 2027; x_wconf 85' lang='lat' dir='ltr'><strong>acerbitatem</strong></span> <span class='ocrx_word' id='word_1_374' title='bbox 1534 1998 1621 2027; x_wconf 89' lang='lat' dir='ltr'><strong>eam</strong></span> <span class='ocrx_word' id='word_1_375' title='bbox 1652 1987 1870 2035; x_wconf 88' lang='lat' dir='ltr'><strong>declarant,</strong></span> <span class='ocrx_word' id='word_1_376' title='bbox 1903 1997 1983 2036; x_wconf 90' lang='lat' dir='ltr'><strong>qua</strong></span> <span class='ocrx_word' id='word_1_377' title='bbox 2008 1984 2196 2026; x_wconf 90' lang='lat' dir='ltr'><strong>nobilium</strong></span> <span class='ocrx_word' id='word_1_378' title='bbox 2228 1982 2290 2021; x_wconf 91' lang='lat' dir='ltr'><strong>ille</strong></span> <span class='ocrx_word' id='word_1_379' title='bbox 2317 1989 2445 2020; x_wconf 90' lang='lat' dir='ltr'><strong>mores</strong></span> 
     </span>
     <span class='ocr_line' id='line_1_29' title="bbox 206 2043 2445 2099; baseline -0.003 -12"><span class='ocrx_word' id='word_1_380' title='bbox 206 2048 461 2098; x_wconf 86' lang='lat' dir='ltr'><strong>perstringere</strong></span> <span class='ocrx_word' id='word_1_381' title='bbox 487 2047 645 2086; x_wconf 89' lang='lat' dir='ltr'><strong>solebat.</strong></span> <span class='ocrx_word' id='word_1_382' title='bbox 696 2047 956 2086; x_wconf 88' lang='lat' dir='ltr'><strong>Vehementer</strong></span> <span class='ocrx_word' id='word_1_383' title='bbox 980 2049 1032 2087; x_wconf 91' lang='lat' dir='ltr'><strong>ibi</strong></span> <span class='ocrx_word' id='word_1_384' title='bbox 1068 2050 1108 2087; x_wconf 93' lang='lat' dir='ltr'><strong>in</strong></span> <span class='ocrx_word' id='word_1_385' title='bbox 1134 2061 1270 2088; x_wconf 89' lang='lat' dir='ltr'><strong>eorum</strong></span> <span class='ocrx_word' id='word_1_386' title='bbox 1297 2049 1491 2088; x_wconf 86' lang='lat' dir='ltr'><strong>luxuriam</strong></span> <span class='ocrx_word' id='word_1_387' title='bbox 1517 2053 1634 2099; x_wconf 88' lang='lat' dir='ltr'><strong>atque</strong></span> <span class='ocrx_word' id='word_1_388' title='bbox 1660 2051 1877 2096; x_wconf 89' lang='lat' dir='ltr'><strong>avaritiam,</strong></span> <span class='ocrx_word' id='word_1_389' title='bbox 1911 2050 2101 2099; x_wconf 85' lang='lat' dir='ltr'><strong>ignaviam</strong></span> <span class='ocrx_word' id='word_1_390' title='bbox 2128 2050 2244 2095; x_wconf 90' lang='lat' dir='ltr'><strong>atque</strong></span> <span class='ocrx_word' id='word_1_391' title='bbox 2270 2043 2445 2094; x_wconf 85' lang='lat' dir='ltr'><strong>publicae</strong></span> 
     </span>
     <span class='ocr_line' id='line_1_30' title="bbox 208 2104 2443 2162; baseline -0.003 -11"><span class='ocrx_word' id='word_1_392' title='bbox 208 2111 340 2151; x_wconf 86' lang='lat' dir='ltr'><strong>salutis</strong></span> <span class='ocrx_word' id='word_1_393' title='bbox 366 2111 633 2161; x_wconf 87' lang='lat' dir='ltr'><strong>negligentiam</strong></span> <span class='ocrx_word' id='word_1_394' title='bbox 658 2111 858 2150; x_wconf 88' lang='lat' dir='ltr'><strong>invehitur.</strong></span> <span class='ocrx_word' id='word_1_395' title='bbox 913 2109 1047 2158; x_wconf 91' lang='lat' dir='ltr'><strong>Quum</strong></span> <span class='ocrx_word' id='word_1_396' title='bbox 1072 2113 1227 2162; x_wconf 90' lang='lat' dir='ltr'><strong>plurimi</strong></span> <span class='ocrx_word' id='word_1_397' title='bbox 1254 2116 1478 2152; x_wconf 90' lang='lat' dir='ltr'><strong>senatorum</strong></span> <span class='ocrx_word' id='word_1_398' title='bbox 1505 2113 1680 2153; x_wconf 89' lang='lat' dir='ltr'><strong>Caesaris</strong></span> <span class='ocrx_word' id='word_1_399' title='bbox 1708 2115 1939 2153; x_wconf 89' lang='lat' dir='ltr'><strong>sententiam</strong></span> <span class='ocrx_word' id='word_1_400' title='bbox 1973 2113 2093 2152; x_wconf 88' lang='lat' dir='ltr'><strong>secuti</strong></span> <span class='ocrx_word' id='word_1_401' title='bbox 2119 2111 2246 2150; x_wconf 86' lang='lat' dir='ltr'><strong>mitius</strong></span> <span class='ocrx_word' id='word_1_402' title='bbox 2273 2104 2443 2147; x_wconf 90' lang='lat' dir='ltr'><strong>animad-</strong></span> 
     </span>
     <span class='ocr_line' id='line_1_31' title="bbox 207 2171 2443 2227; baseline -0.003 -16"><span class='ocrx_word' id='word_1_403' title='bbox 207 2173 431 2212; x_wconf 88' lang='lat' dir='ltr'><strong>vertendum</strong></span> <span class='ocrx_word' id='word_1_404' title='bbox 458 2174 498 2211; x_wconf 91' lang='lat' dir='ltr'><strong>in</strong></span> <span class='ocrx_word' id='word_1_405' title='bbox 525 2173 743 2223; x_wconf 88' lang='lat' dir='ltr'><strong>conjuratos</strong></span> <span class='ocrx_word' id='word_1_406' title='bbox 771 2175 1026 2221; x_wconf 90' lang='lat' dir='ltr'><strong>censuissent,</strong></span> <span class='ocrx_word' id='word_1_407' title='bbox 1053 2173 1168 2222; x_wconf 86' lang='lat' dir='ltr'><strong>Cato,</strong></span> <span class='ocrx_word' id='word_1_408' title='bbox 1195 2175 1248 2213; x_wconf 90' lang='lat' dir='ltr'><strong>ita</strong></span> <span class='ocrx_word' id='word_1_409' title='bbox 1275 2185 1342 2214; x_wconf 91' lang='lat' dir='ltr'><strong>eos</strong></span> <span class='ocrx_word' id='word_1_410' title='bbox 1369 2175 1598 2226; x_wconf 87' lang='lat' dir='ltr'><strong>alloquitur:</strong></span> <span class='ocrx_word' id='word_1_411' title='bbox 1626 2182 1657 2223; x_wconf 72' lang='lat'><strong>2„</strong></span> <span class='ocrx_word' id='word_1_412' title='bbox 1666 2175 1746 2215; x_wconf 91' lang='lat' dir='ltr'><strong>Vos</strong></span> <span class='ocrx_word' id='word_1_413' title='bbox 1774 2186 1846 2227; x_wconf 88' lang='lat' dir='ltr'><strong>ego</strong></span> <span class='ocrx_word' id='word_1_414' title='bbox 1873 2175 2046 2226; x_wconf 87' lang='lat' dir='ltr'><strong>adpello,</strong></span> <span class='ocrx_word' id='word_1_415' title='bbox 2072 2183 2142 2224; x_wconf 90' lang='lat' dir='ltr'><strong>per</strong></span> <span class='ocrx_word' id='word_1_416' title='bbox 2169 2172 2260 2210; x_wconf 91' lang='lat' dir='ltr'><strong>deos</strong></span> <span class='ocrx_word' id='word_1_417' title='bbox 2287 2171 2443 2208; x_wconf 89' lang='lat' dir='ltr'><strong>immor—</strong></span> 
     </span>
     <span class='ocr_line' id='line_1_32' title="bbox 208 2233 2443 2290; baseline -0.004 -12"><span class='ocrx_word' id='word_1_418' title='bbox 208 2238 316 2286; x_wconf 76' lang='lat' dir='ltr'><strong>tales,</strong></span> <span class='ocrx_word' id='word_1_419' title='bbox 343 2237 408 2289; x_wconf 93' lang='lat' dir='ltr'><strong>qui</strong></span> <span class='ocrx_word' id='word_1_420' title='bbox 435 2247 585 2286; x_wconf 88' lang='lat' dir='ltr'><strong>semper</strong></span> <span class='ocrx_word' id='word_1_421' title='bbox 613 2237 762 2285; x_wconf 92' lang='lat' dir='ltr'><strong>domos,</strong></span> <span class='ocrx_word' id='word_1_422' title='bbox 788 2238 906 2285; x_wconf 90' lang='lat' dir='ltr'><strong>villas,</strong></span> <span class='ocrx_word' id='word_1_423' title='bbox 933 2238 1054 2289; x_wconf 88' lang='lat' dir='ltr'><strong>signa,</strong></span> <span class='ocrx_word' id='word_1_424' title='bbox 1080 2238 1232 2278; x_wconf 91' lang='lat' dir='ltr'><strong>tabulas</strong></span> <span class='ocrx_word' id='word_1_425' title='bbox 1257 2241 1404 2279; x_wconf 86' lang='lat' dir='ltr'><strong>vestras</strong></span> <span class='ocrx_word' id='word_1_426' title='bbox 1430 2239 1552 2290; x_wconf 89' lang='lat' dir='ltr'><strong>pluris</strong></span> <span class='ocrx_word' id='word_1_427' title='bbox 1579 2251 1699 2289; x_wconf 88' lang='lat' dir='ltr'><strong>quam</strong></span> <span class='ocrx_word' id='word_1_428' title='bbox 1726 2240 2005 2290; x_wconf 88' lang='lat' dir='ltr'><strong>rempublicam</strong></span> <span class='ocrx_word' id='word_1_429' title='bbox 2031 2236 2180 2281; x_wconf 79' lang='lat' dir='ltr'><strong>fecistiS,</strong></span> <span class='ocrx_word' id='word_1_430' title='bbox 2207 2234 2237 2272; x_wconf 90' lang='lat' dir='ltr'><strong>si</strong></span> <span class='ocrx_word' id='word_1_431' title='bbox 2266 2233 2348 2278; x_wconf 89' lang='lat' dir='ltr'><strong>ista,</strong></span> <span class='ocrx_word' id='word_1_432' title='bbox 2376 2241 2443 2269; x_wconf 88' lang='lat' dir='ltr'><strong>cu-</strong></span> 
     </span>
     <span class='ocr_line' id='line_1_33' title="bbox 204 2292 2444 2354; baseline -0.002 -13"><span class='ocrx_word' id='word_1_433' title='bbox 204 2301 420 2352; x_wconf 76' lang='lat' dir='ltr'><strong>Juscunque</strong></span> <span class='ocrx_word' id='word_1_434' title='bbox 452 2299 556 2339; x_wconf 90' lang='lat' dir='ltr'><strong>modi</strong></span> <span class='ocrx_word' id='word_1_435' title='bbox 588 2300 678 2348; x_wconf 90' lang='lat' dir='ltr'><strong>sint,</strong></span> <span class='ocrx_word' id='word_1_436' title='bbox 712 2312 814 2351; x_wconf 92' lang='lat' dir='ltr'><strong>quae</strong></span> <span class='ocrx_word' id='word_1_437' title='bbox 848 2300 1142 2352; x_wconf 84' lang='lat' dir='ltr'><strong>amplexamini,</strong></span> <span class='ocrx_word' id='word_1_438' title='bbox 1182 2301 1372 2350; x_wconf 89' lang='lat' dir='ltr'><strong>retinere,</strong></span> <span class='ocrx_word' id='word_1_439' title='bbox 1413 2303 1444 2342; x_wconf 94' lang='lat' dir='ltr'><strong>si</strong></span> <span class='ocrx_word' id='word_1_440' title='bbox 1480 2302 1739 2354; x_wconf 85' lang='lat' dir='ltr'><strong>voluptatibus</strong></span> <span class='ocrx_word' id='word_1_441' title='bbox 1771 2303 1906 2343; x_wconf 89' lang='lat' dir='ltr'><strong>vestris</strong></span> <span class='ocrx_word' id='word_1_442' title='bbox 1946 2302 2066 2342; x_wconf 89' lang='lat' dir='ltr'><strong>otium</strong></span> <span class='ocrx_word' id='word_1_443' title='bbox 2096 2297 2281 2350; x_wconf 90' lang='lat' dir='ltr'><strong>praebere</strong></span> <span class='ocrx_word' id='word_1_444' title='bbox 2322 2292 2444 2336; x_wconf 72' lang='lat' dir='ltr'><strong>voltis,</strong></span> 
     </span>
     <span class='ocr_line' id='line_1_34' title="bbox 209 2357 2445 2417; baseline -0.004 -13"><span class='ocrx_word' id='word_1_445' title='bbox 209 2364 512 2415; x_wconf 88' lang='lat' dir='ltr'><strong>expergiscimini</strong></span> <span class='ocrx_word' id='word_1_446' title='bbox 538 2364 743 2413; x_wconf 87' lang='lat' dir='ltr'><strong>aliquando</strong></span> <span class='ocrx_word' id='word_1_447' title='bbox 770 2367 810 2404; x_wconf 93' lang='lat' dir='ltr'><strong>et</strong></span> <span class='ocrx_word' id='word_1_448' title='bbox 836 2365 1022 2415; x_wconf 86' lang='lat' dir='ltr'><strong>capessite</strong></span> <span class='ocrx_word' id='word_1_449' title='bbox 1046 2365 1363 2415; x_wconf 90' lang='lat' dir='ltr'><strong>rempublicam.“</strong></span> <span class='ocrx_word' id='word_1_450' title='bbox 1415 2365 1558 2405; x_wconf 80' lang='lat' dir='ltr'><strong>Postea</strong></span> <span class='ocrx_word' id='word_1_451' title='bbox 1584 2367 1637 2405; x_wconf 82' lang='lat' dir='ltr'><strong>ita</strong></span> <span class='ocrx_word' id='word_1_452' title='bbox 1662 2367 1805 2417; x_wconf 89' lang='lat' dir='ltr'><strong>pergit:</strong></span> <span class='ocrx_word' id='word_1_453' title='bbox 1839 2365 2155 2417; x_wconf 89' lang='lat' dir='ltr'><strong>„Saepenumero</strong></span> <span class='ocrx_word' id='word_1_454' title='bbox 2178 2359 2301 2399; x_wconf 90' lang='lat' dir='ltr'><strong>multa</strong></span> <span class='ocrx_word' id='word_1_455' title='bbox 2325 2357 2445 2396; x_wconf 83' lang='lat' dir='ltr'><strong>verba</strong></span> 
     </span>
     <span class='ocr_line' id='line_1_35' title="bbox 207 2422 2445 2479; baseline -0.003 -13"><span class='ocrx_word' id='word_1_456' title='bbox 207 2429 247 2466; x_wconf 91' lang='lat' dir='ltr'><strong>in</strong></span> <span class='ocrx_word' id='word_1_457' title='bbox 281 2426 357 2466; x_wconf 91' lang='lat' dir='ltr'><strong>hoc</strong></span> <span class='ocrx_word' id='word_1_458' title='bbox 392 2427 526 2466; x_wconf 90' lang='lat' dir='ltr'><strong>ordine</strong></span> <span class='ocrx_word' id='word_1_459' title='bbox 558 2426 649 2473; x_wconf 77' lang='lat' dir='ltr'><strong>feci3</strong></span> <span class='ocrx_word' id='word_1_460' title='bbox 691 2438 807 2478; x_wconf 90' lang='lat' dir='ltr'><strong>saepe</strong></span> <span class='ocrx_word' id='word_1_461' title='bbox 842 2428 891 2467; x_wconf 91' lang='lat' dir='ltr'><strong>de</strong></span> <span class='ocrx_word' id='word_1_462' title='bbox 922 2427 1077 2466; x_wconf 88' lang='lat' dir='ltr'><strong>luxuria</strong></span> <span class='ocrx_word' id='word_1_463' title='bbox 1109 2430 1227 2476; x_wconf 89' lang='lat' dir='ltr'><strong>atque</strong></span> <span class='ocrx_word' id='word_1_464' title='bbox 1260 2429 1421 2468; x_wconf 89' lang='lat' dir='ltr'><strong>avaritia</strong></span> <span class='ocrx_word' id='word_1_465' title='bbox 1452 2432 1677 2469; x_wconf 90' lang='lat' dir='ltr'><strong>nostrorum</strong></span> <span class='ocrx_word' id='word_1_466' title='bbox 1710 2431 1849 2469; x_wconf 88' lang='lat' dir='ltr'><strong>civium</strong></span> <span class='ocrx_word' id='word_1_467' title='bbox 1884 2431 2040 2479; x_wconf 88' lang='lat' dir='ltr'><strong>questus</strong></span> <span class='ocrx_word' id='word_1_468' title='bbox 2073 2437 2178 2470; x_wconf 90' lang='lat' dir='ltr'><strong>sum,</strong></span> <span class='ocrx_word' id='word_1_469' title='bbox 2221 2422 2445 2470; x_wconf 88' lang='lat' dir='ltr'><strong>multosque</strong></span> 
     </span>
     <span class='ocr_line' id='line_1_36' title="bbox 209 2483 2445 2542; baseline -0.003 -13"><span class='ocrx_word' id='word_1_470' title='bbox 209 2488 390 2529; x_wconf 87' lang='lat' dir='ltr'><strong>mortales</strong></span> <span class='ocrx_word' id='word_1_471' title='bbox 417 2499 465 2529; x_wconf 88' lang='lat' dir='ltr'><strong>ea</strong></span> <span class='ocrx_word' id='word_1_472' title='bbox 491 2500 608 2529; x_wconf 89' lang='lat' dir='ltr'><strong>causa</strong></span> <span class='ocrx_word' id='word_1_473' title='bbox 633 2489 811 2529; x_wconf 89' lang='lat' dir='ltr'><strong>adversos</strong></span> <span class='ocrx_word' id='word_1_474' title='bbox 828 2489 974 2537; x_wconf 85' lang='lat' dir='ltr'><strong>habeo;</strong></span> <span class='ocrx_word' id='word_1_475' title='bbox 1000 2490 1067 2539; x_wconf 92' lang='lat' dir='ltr'><strong>qui</strong></span> <span class='ocrx_word' id='word_1_476' title='bbox 1093 2490 1187 2529; x_wconf 91' lang='lat' dir='ltr'><strong>mibi</strong></span> <span class='ocrx_word' id='word_1_477' title='bbox 1212 2492 1332 2541; x_wconf 91' lang='lat' dir='ltr'><strong>atque</strong></span> <span class='ocrx_word' id='word_1_478' title='bbox 1356 2491 1487 2531; x_wconf 90' lang='lat' dir='ltr'><strong>animo</strong></span> <span class='ocrx_word' id='word_1_479' title='bbox 1513 2503 1603 2532; x_wconf 91' lang='lat' dir='ltr'><strong>meo</strong></span> <span class='ocrx_word' id='word_1_480' title='bbox 1629 2492 1769 2532; x_wconf 91' lang='lat' dir='ltr'><strong>nullius</strong></span> <span class='ocrx_word' id='word_1_481' title='bbox 1795 2502 1969 2542; x_wconf 93' lang='lat' dir='ltr'><strong>unquam</strong></span> <span class='ocrx_word' id='word_1_482' title='bbox 1996 2488 2118 2529; x_wconf 91' lang='lat' dir='ltr'><strong>delicti</strong></span> <span class='ocrx_word' id='word_1_483' title='bbox 2144 2486 2308 2537; x_wconf 89' lang='lat' dir='ltr'><strong>gratiam</strong></span> <span class='ocrx_word' id='word_1_484' title='bbox 2335 2483 2445 2523; x_wconf 81' lang='lat' dir='ltr'><strong>fecis-</strong></span> 
     </span>
     <span class='ocr_line' id='line_1_37' title="bbox 210 2550 2448 2603; baseline -0.001 -11"><span class='ocrx_word' id='word_1_485' title='bbox 210 2564 308 2600; x_wconf 91' lang='lat' dir='ltr'><strong>sem,</strong></span> <span class='ocrx_word' id='word_1_486' title='bbox 343 2550 450 2592; x_wconf 91' lang='lat' dir='ltr'><strong>haud</strong></span> <span class='ocrx_word' id='word_1_487' title='bbox 482 2551 592 2592; x_wconf 83' lang='lat' dir='ltr'><strong>facile</strong></span> <span class='ocrx_word' id='word_1_488' title='bbox 624 2552 779 2593; x_wconf 87' lang='lat' dir='ltr'><strong>alterius</strong></span> <span class='ocrx_word' id='word_1_489' title='bbox 812 2552 971 2593; x_wconf 92' lang='lat' dir='ltr'><strong>lubidini</strong></span> <span class='ocrx_word' id='word_1_490' title='bbox 997 2551 1200 2593; x_wconf 80' lang='lat' dir='ltr'><strong>malefacta</strong></span> <span class='ocrx_word' id='word_1_491' title='bbox 1227 2553 1536 2594; x_wconf 85' lang='lat' dir='ltr'><strong>condonabam.“</strong></span> <span class='ocrx_word' id='word_1_492' title='bbox 1587 2555 1754 2595; x_wconf 89' lang='lat' dir='ltr'><strong>Deinde:</strong></span> <span class='ocrx_word' id='word_1_493' title='bbox 1793 2554 1886 2602; x_wconf 86' lang='lat' dir='ltr'><strong>„hie</strong></span> <span class='ocrx_word' id='word_1_494' title='bbox 1911 2553 2002 2593; x_wconf 88' lang='lat' dir='ltr'><strong>mihi</strong></span> <span class='ocrx_word' id='word_1_495' title='bbox 2035 2552 2239 2603; x_wconf 90' lang='lat' dir='ltr'><strong>quisquam</strong></span> <span class='ocrx_word' id='word_1_496' title='bbox 2267 2556 2448 2587; x_wconf 79' lang='lat' dir='ltr'><strong>mansue-</strong></span> 
     </span>
     <span class='ocr_line' id='line_1_38' title="bbox 209 2610 2451 2666; baseline -0.001 -11"><span class='ocrx_word' id='word_1_497' title='bbox 209 2615 381 2655; x_wconf 91' lang='lat' dir='ltr'><strong>tudinem</strong></span> <span class='ocrx_word' id='word_1_498' title='bbox 416 2617 455 2653; x_wconf 89' lang='lat' dir='ltr'><strong>et</strong></span> <span class='ocrx_word' id='word_1_499' title='bbox 487 2615 787 2655; x_wconf 88' lang='lat' dir='ltr'><strong>misericordiam</strong></span> <span class='ocrx_word' id='word_1_500' title='bbox 821 2616 1002 2654; x_wconf 88' lang='lat' dir='ltr'><strong>nominat.</strong></span> <span class='ocrx_word' id='word_1_501' title='bbox 1054 2615 1143 2654; x_wconf 84' lang='lat' dir='ltr'><strong>Jam</strong></span> <span class='ocrx_word' id='word_1_502' title='bbox 1175 2615 1328 2666; x_wconf 89' lang='lat' dir='ltr'><strong>pridem</strong></span> <span class='ocrx_word' id='word_1_503' title='bbox 1360 2627 1432 2656; x_wconf 91' lang='lat' dir='ltr'><strong>nos</strong></span> <span class='ocrx_word' id='word_1_504' title='bbox 1466 2626 1558 2656; x_wconf 89' lang='lat' dir='ltr'><strong>vera</strong></span> <span class='ocrx_word' id='word_1_505' title='bbox 1588 2627 1721 2656; x_wconf 88' lang='lat' dir='ltr'><strong>rerum</strong></span> <span class='ocrx_word' id='word_1_506' title='bbox 1755 2617 1941 2657; x_wconf 89' lang='lat' dir='ltr'><strong>vocabula</strong></span> <span class='ocrx_word' id='word_1_507' title='bbox 1972 2615 2185 2660; x_wconf 84' lang='lat' dir='ltr'><strong>amisimus,</strong></span> <span class='ocrx_word' id='word_1_508' title='bbox 2219 2612 2311 2663; x_wconf 79' lang='lat' dir='ltr'><strong>quia</strong></span> <span class='ocrx_word' id='word_1_509' title='bbox 2342 2610 2451 2649; x_wconf 75' lang='lat' dir='ltr'><strong>bona</strong></span> 
     </span>
     <span class='ocr_line' id='line_1_39' title="bbox 211 2674 2448 2728; baseline -0.003 -9"><span class='ocrx_word' id='word_1_510' title='bbox 211 2680 336 2719; x_wconf 89' lang='lat' dir='ltr'><strong>aliena</strong></span> <span class='ocrx_word' id='word_1_511' title='bbox 360 2678 490 2727; x_wconf 87' lang='lat' dir='ltr'><strong>largiri</strong></span> <span class='ocrx_word' id='word_1_512' title='bbox 516 2679 735 2726; x_wconf 90' lang='lat' dir='ltr'><strong>liberalitas,</strong></span> <span class='ocrx_word' id='word_1_513' title='bbox 764 2679 954 2718; x_wconf 90' lang='lat' dir='ltr'><strong>malarum</strong></span> <span class='ocrx_word' id='word_1_514' title='bbox 979 2690 1112 2718; x_wconf 85' lang='lat' dir='ltr'><strong>rerum</strong></span> <span class='ocrx_word' id='word_1_515' title='bbox 1139 2679 1302 2718; x_wconf 89' lang='lat' dir='ltr'><strong>audacia</strong></span> <span class='ocrx_word' id='word_1_516' title='bbox 1329 2679 1514 2718; x_wconf 85' lang='lat' dir='ltr'><strong>fortitudo</strong></span> <span class='ocrx_word' id='word_1_517' title='bbox 1540 2683 1737 2718; x_wconf 87' lang='lat' dir='ltr'><strong>vocatur.“</strong></span> <span class='ocrx_word' id='word_1_518' title='bbox 1781 2680 1920 2719; x_wconf 88' lang='lat' dir='ltr'><strong>Postea</strong></span> <span class='ocrx_word' id='word_1_519' title='bbox 1945 2681 1998 2718; x_wconf 86' lang='lat' dir='ltr'><strong>ita</strong></span> <span class='ocrx_word' id='word_1_520' title='bbox 2023 2679 2167 2728; x_wconf 88' lang='lat' dir='ltr'><strong>pergit:</strong></span> <span class='ocrx_word' id='word_1_521' title='bbox 2202 2674 2448 2724; x_wconf 84' lang='lat' dir='ltr'><strong>„majoribus</strong></span> 
     </span>
     <span class='ocr_line' id='line_1_40' title="bbox 211 2734 2452 2794; baseline -0.003 -12"><span class='ocrx_word' id='word_1_522' title='bbox 211 2741 354 2782; x_wconf 83' lang='lat' dir='ltr'><strong>nostris</strong></span> <span class='ocrx_word' id='word_1_523' title='bbox 388 2740 510 2781; x_wconf 91' lang='lat' dir='ltr'><strong>multa</strong></span> <span class='ocrx_word' id='word_1_524' title='bbox 536 2741 711 2790; x_wconf 83' lang='lat' dir='ltr'><strong>fuerunt,</strong></span> <span class='ocrx_word' id='word_1_525' title='bbox 746 2752 847 2792; x_wconf 91' lang='lat' dir='ltr'><strong>quae</strong></span> <span class='ocrx_word' id='word_1_526' title='bbox 880 2742 963 2783; x_wconf 89' lang='lat' dir='ltr'><strong>illos</strong></span> <span class='ocrx_word' id='word_1_527' title='bbox 995 2751 1156 2794; x_wconf 88' lang='lat' dir='ltr'><strong>magnos</strong></span> <span class='ocrx_word' id='word_1_528' title='bbox 1180 2740 1326 2790; x_wconf 84' lang='lat' dir='ltr'><strong>fecere,</strong></span> <span class='ocrx_word' id='word_1_529' title='bbox 1360 2750 1462 2792; x_wconf 86' lang='lat' dir='ltr'><strong>quae</strong></span> <span class='ocrx_word' id='word_1_530' title='bbox 1486 2742 1599 2782; x_wconf 89' lang='lat' dir='ltr'><strong>nobis</strong></span> <span class='ocrx_word' id='word_1_531' title='bbox 1629 2742 1735 2783; x_wconf 90' lang='lat' dir='ltr'><strong>nulla</strong></span> <span class='ocrx_word' id='word_1_532' title='bbox 1759 2744 1868 2782; x_wconf 84' lang='lat' dir='ltr'><strong>sunt:</strong></span> <span class='ocrx_word' id='word_1_533' title='bbox 1902 2740 2005 2781; x_wconf 92' lang='lat' dir='ltr'><strong>domi</strong></span> <span class='ocrx_word' id='word_1_534' title='bbox 2030 2739 2235 2787; x_wconf 83' lang='lat' dir='ltr'><strong>industria,</strong></span> <span class='ocrx_word' id='word_1_535' title='bbox 2271 2736 2368 2778; x_wconf 81' lang='lat' dir='ltr'><strong>foris</strong></span> <span class='ocrx_word' id='word_1_536' title='bbox 2390 2734 2452 2787; x_wconf 86' lang='lat' dir='ltr'><strong>ju-</strong></span> 
     </span>
     <span class='ocr_line' id='line_1_41' title="bbox 213 2801 2452 2856; baseline -0.002 -12"><span class='ocrx_word' id='word_1_537' title='bbox 213 2808 316 2844; x_wconf 90' lang='lat' dir='ltr'><strong>stum</strong></span> <span class='ocrx_word' id='word_1_538' title='bbox 346 2806 570 2856; x_wconf 87' lang='lat' dir='ltr'><strong>imperium,</strong></span> <span class='ocrx_word' id='word_1_539' title='bbox 597 2805 749 2843; x_wconf 88' lang='lat' dir='ltr'><strong>animus</strong></span> <span class='ocrx_word' id='word_1_540' title='bbox 782 2806 822 2844; x_wconf 95' lang='lat' dir='ltr'><strong>in</strong></span> <span class='ocrx_word' id='word_1_541' title='bbox 857 2804 1089 2845; x_wconf 88' lang='lat' dir='ltr'><strong>consulendo</strong></span> <span class='ocrx_word' id='word_1_542' title='bbox 1116 2804 1230 2852; x_wconf 89' lang='lat' dir='ltr'><strong>liber,</strong></span> <span class='ocrx_word' id='word_1_543' title='bbox 1267 2816 1398 2855; x_wconf 90' lang='lat' dir='ltr'><strong>neque</strong></span> <span class='ocrx_word' id='word_1_544' title='bbox 1426 2805 1567 2844; x_wconf 89' lang='lat' dir='ltr'><strong>delicto</strong></span> <span class='ocrx_word' id='word_1_545' title='bbox 1595 2816 1724 2855; x_wconf 89' lang='lat' dir='ltr'><strong>neque</strong></span> <span class='ocrx_word' id='word_1_546' title='bbox 1750 2805 1908 2844; x_wconf 89' lang='lat' dir='ltr'><strong>lubidini</strong></span> <span class='ocrx_word' id='word_1_547' title='bbox 1933 2804 2135 2843; x_wconf 87' lang='lat' dir='ltr'><strong>obnoxius.</strong></span> <span class='ocrx_word' id='word_1_548' title='bbox 2188 2803 2269 2842; x_wconf 90' lang='lat' dir='ltr'><strong>Pro</strong></span> <span class='ocrx_word' id='word_1_549' title='bbox 2293 2801 2356 2841; x_wconf 89' lang='lat' dir='ltr'><strong>his</strong></span> <span class='ocrx_word' id='word_1_550' title='bbox 2380 2809 2452 2839; x_wconf 86' lang='lat' dir='ltr'><strong>nos</strong></span> 
     </span>
     <span class='ocr_line' id='line_1_42' title="bbox 211 2863 2450 2918; baseline 0 -11"><span class='ocrx_word' id='word_1_551' title='bbox 211 2868 399 2909; x_wconf 86' lang='lat' dir='ltr'><strong>habemus</strong></span> <span class='ocrx_word' id='word_1_552' title='bbox 439 2868 631 2914; x_wconf 86' lang='lat' dir='ltr'><strong>luxuriam</strong></span> <span class='ocrx_word' id='word_1_553' title='bbox 671 2870 790 2917; x_wconf 91' lang='lat' dir='ltr'><strong>atque</strong></span> <span class='ocrx_word' id='word_1_554' title='bbox 826 2869 1044 2915; x_wconf 82' lang='lat' dir='ltr'><strong>avaritiam,</strong></span> <span class='ocrx_word' id='word_1_555' title='bbox 1080 2867 1232 2918; x_wconf 89' lang='lat' dir='ltr'><strong>publice</strong></span> <span class='ocrx_word' id='word_1_556' title='bbox 1269 2870 1498 2918; x_wconf 87' lang='lat' dir='ltr'><strong>egestatem,</strong></span> <span class='ocrx_word' id='word_1_557' title='bbox 1538 2869 1714 2918; x_wconf 90' lang='lat' dir='ltr'><strong>privatim</strong></span> <span class='ocrx_word' id='word_1_558' title='bbox 1759 2867 2010 2917; x_wconf 86' lang='lat' dir='ltr'><strong>opulentiam;</strong></span> <span class='ocrx_word' id='word_1_559' title='bbox 2047 2866 2253 2906; x_wconf 87' lang='lat' dir='ltr'><strong>laudamus</strong></span> <span class='ocrx_word' id='word_1_560' title='bbox 2291 2863 2450 2908; x_wconf 78' lang='lat' dir='ltr'><strong>divitias,</strong></span> 
     </span>
    </p>

    <p class='ocr_par' dir='ltr' id='par_1_3' title="bbox 214 2923 2449 2984">
     <span class='ocr_line' id='line_1_43' title="bbox 214 2923 2449 2984; baseline -0.001 -12"><span class='ocrx_word' id='word_1_561' title='bbox 214 2930 412 2984; x_wconf 87' lang='lat' dir='ltr'><strong>sequimur</strong></span> <span class='ocrx_word' id='word_1_562' title='bbox 429 2929 632 2980; x_wconf 28' lang='lat' dir='ltr'><strong>&#39;inertiam</strong></span> <span class='ocrx_word' id='word_1_563' title='bbox 671 2929 771 2974; x_wconf 87' lang='lat' dir='ltr'><strong>inter</strong></span> <span class='ocrx_word' id='word_1_564' title='bbox 796 2930 919 2974; x_wconf 91' lang='lat' dir='ltr'><strong>bonos</strong></span> <span class='ocrx_word' id='word_1_565' title='bbox 956 2932 996 2974; x_wconf 90' lang='lat' dir='ltr'><strong>et</strong></span> <span class='ocrx_word' id='word_1_566' title='bbox 1020 2929 1142 2972; x_wconf 89' lang='lat' dir='ltr'><strong>malos</strong></span> <span class='ocrx_word' id='word_1_567' title='bbox 1163 2929 1374 2973; x_wconf 75' lang='lat' dir='ltr'><strong>&#39;discrimen</strong></span> <span class='ocrx_word' id='word_1_568' title='bbox 1398 2930 1567 2979; x_wconf 89' lang='lat' dir='ltr'><strong>nullum;</strong></span> <span class='ocrx_word' id='word_1_569' title='bbox 1610 2929 1739 2972; x_wconf 88' lang='lat' dir='ltr'><strong>omnia</strong></span> <span class='ocrx_word' id='word_1_570' title='bbox 1765 2928 1912 2971; x_wconf 86' lang='lat' dir='ltr'><strong>virtutis</strong></span> <span class='ocrx_word' id='word_1_571' title='bbox 1938 2929 2115 2982; x_wconf 88' lang='lat' dir='ltr'><strong>praemia</strong></span> <span class='ocrx_word' id='word_1_572' title='bbox 2139 2928 2301 2972; x_wconf 85' lang='lat' dir='ltr'><strong>ambitio</strong></span> <span class='ocrx_word' id='word_1_573' title='bbox 2326 2923 2449 2980; x_wconf 70' lang='lat' dir='ltr'><strong>possi-</strong></span> 
     </span>
    </p>
   </div>
  </div>
 </body>
</html>
