2634 3601
192 292 368 342 colligam
395 290 729 341 reprehensiones,
771 300 867 340 quas
895 288 1031 329 Cicero
1057 290 1098 328 in
1127 288 1314 329 Catonem
1342 293 1459 341 atque
1487 290 1643 329 omnino
1668 290 1709 329 in
1735 289 1886 329 Stoicos
1914 291 2116 340 congessit,
2143 291 2354 342 subjunctis
2379 292 2442 340 iis,

190 356 330 406 quibus
359 352 516 393 Catonis
546 355 697 404 culpam
726 354 959 404 interpositis
986 353 1067 402 ejus
1095 352 1271 390 laudibus
1297 354 1501 403 mitigavit,
1538 353 1674 392 deinde
1708 364 1911 392 censuram
1947 353 2048 392 dabo
2075 353 2295 395 Stoicorum
2324 359 2442 406 atque

190 416 359 464 CatoniS,
387 427 467 468 qua
493 417 657 457 testibus
684 416 860 457 adhibitis
886 414 1078 454 veteribus
1106 413 1355 465 scriptoribus
1383 414 1669 464 demonstrabo,
1694 425 1786 455 vera
1804 425 1889 455 esse
1909 425 1968 464 ea,
1995 426 2095 466 quae
2116 415 2156 455 in
2173 415 2249 457 hac
2265 418 2443 461 oratione

187 481 280 520 vitio
308 481 354 520 iis
375 483 599 526 vertuntur,
624 490 714 519 vera
741 480 855 518 etiam
881 488 946 523 ea,
975 487 1075 526 quae
1101 477 1141 515 in
1169 476 1315 516 Catone
1342 478 1565 524 laudantur,
1599 478 1810 528 subiunctis
1837 478 2067 528 quibusdam
2093 477 2142 517 de
2168 488 2216 518 ea
2242 480 2330 529 lide,
2365 492 2443 533 qua

192 542 331 583 Cicero
360 544 399 581 in
427 544 591 581 oratoris
617 545 733 590 atque
759 539 976 590 philosophi
1002 550 1164 577 munere
1185 540 1367 577 obeundo
1388 541 1524 590 dignus
1545 541 1706 588 videtur,
1734 541 1911 590 denique,
1937 544 1993 588 ut,
2022 552 2142 591 quum
2160 541 2208 579 de
2229 542 2326 582 salsa
2341 543 2442 584 stoi-

194 618 333 646 corum
363 605 547 656 sapientia
574 604 723 643 locutus
751 603 840 649 sim,
874 601 966 641 huic
991 602 1181 641 veriorem
1209 614 1258 641 ex
1284 602 1446 641 adverso
1473 615 1687 654 apponam,
1714 604 1934 656 exemplum
1960 604 2140 656 sapientis
2166 603 2381 654 Christiani,
2405 607 2444 647 id

195 673 254 711 est
281 671 375 720 ejuS,
404 670 513 719 cujus
539 669 705 719 speciem
731 669 866 706 nostra
892 668 1000 705 aetas
1026 678 1075 706 ex
1103 666 1280 716 exemplo
1308 669 1426 716 atque
1453 668 1628 707 doctrina
1655 667 1793 708 Christi
1820 671 1938 718 atque
1964 679 2114 714 eorum,
2150 668 2215 717 qui
2242 668 2324 718 ejus
2351 669 2443 709 doc-

195 735 338 776 trinam
365 732 569 784 amplexati
597 732 705 778 sunt,
733 729 981 781 sapientium,
1008 729 1175 777 effinxit,
1208 728 1442 771 adumbrare
1470 732 1654 780 conabor,
1681 743 1728 773 ex
1757 743 1834 782 quo
1858 733 2064 783 appareat,
2100 742 2216 782 quam
2243 731 2358 783 longe
2384 743 2444 773 sa-

194 799 304 850 piens
331 795 566 838 Christianus
592 805 616 834 a
643 793 863 834 Stoicorum
887 795 1017 833 mente
1044 792 1213 833 recedat.

442 972 575 1024 Gap.
604 972 659 1016 Ι.
719 970 873 1011 Brevis
899 971 1149 1023 conopeo-tm
1175 969 1382 1011 orationis
1407 981 1436 1011 a
1466 969 1671 1012 Cicerone
1693 982 1775 1026 pro
1801 971 1991 1014 Murena
2015 970 2198 1013 habitae.

383 1070 463 1109 Sub
493 1070 611 1108 finem
639 1069 721 1119 ejus
748 1069 851 1115 anni,
878 1078 956 1118 quo
986 1065 1123 1106 Cicero
1151 1067 1283 1107 consul
1310 1069 1406 1115 erat,
1434 1079 1555 1118 quum
1581 1068 1624 1108 L.
1652 1068 1819 1109 Licinius
1844 1069 2010 1110 Murena
2038 1071 2077 1108 et
2101 1068 2195 1108 Dec.
2222 1067 2359 1108 Junius
2385 1065 2445 1107 Si-

194 1136 303 1173 lanus
339 1133 502 1172 comitiis
530 1133 796 1171 consularibus
833 1132 872 1170 in
897 1133 1099 1181 posterum
1127 1140 1269 1169 annum
1298 1131 1473 1170 consules
1494 1131 1678 1183 designati
1703 1135 1841 1180 essent,
1866 1133 1909 1172 L.
1929 1132 2135 1172 Murenam
2155 1134 2234 1171 tres
2253 1130 2446 1180 subscrip-

195 1201 312 1242 tores,
345 1196 414 1236 Cn.
442 1196 704 1242 Posthumius,
738 1194 843 1234 Serv.
873 1193 1077 1244 SulpiciuS,
1115 1192 1233 1232 homo
1260 1196 1420 1244 propter
1447 1194 1627 1233 eximiam
1650 1194 1748 1244 juris
1775 1197 1974 1236 scientiam
2000 1196 2230 1235 auctoritate
2255 1193 2446 1234 florentis-

196 1262 337 1305 simus,
366 1262 405 1298 et
431 1259 485 1298 M.
515 1257 624 1304 Cato,
651 1259 717 1308 qui
744 1270 769 1297 a
794 1257 990 1308 plerisque
1017 1268 1193 1295 summae
1219 1258 1365 1296 virtutis
1393 1258 1614 1308 exemplum
1640 1258 1876 1304 habebatur,
1904 1258 1952 1297 de
1981 1260 2130 1297 ambitu
2157 1260 2445 1297 accusaverimt.

194 1322 299 1362 Serv.
329 1321 520 1372 Sulpicius
547 1321 586 1360 id
612 1321 702 1360 fecit
726 1320 785 1359 ira
811 1322 929 1369 atque
955 1319 1216 1359 aemulatione
1243 1322 1478 1367 commotus,
1523 1320 1624 1370 quia,
1670 1332 1792 1371 quum
1826 1321 1964 1361 eodem
1995 1324 2173 1372 tempore
2205 1320 2447 1360 consulatum

193 1386 379 1436 petiisset,
415 1384 611 1435 repulsam
637 1383 798 1429 tulerat,
826 1381 922 1422 Cato
951 1383 1033 1422 sine
1061 1382 1199 1429 dubi0,
1226 1383 1317 1432 quia
1342 1393 1477 1422 revera
1501 1383 1685 1433 putabat,
1710 1383 1917 1423 Murenam
1934 1384 2198 1434 largitionibus
2221 1393 2246 1423 a
2265 1384 2447 1435 corrupta

194 1447 438 1486 multitudine
482 1446 665 1497 suffragia
706 1445 859 1491 tulisse;
899 1444 1066 1484 Murena
1106 1447 1256 1492 autem,
1304 1447 1403 1485 teste
1436 1445 1641 1493 Cicerone,
1682 1445 1887 1496 splendidis
1929 1446 2027 1486 ludis
2066 1447 2106 1486 in
2143 1448 2328 1497 praetura
2368 1444 2447 1484 edi-

194 1512 244 1549 tis
272 1513 311 1548 et
338 1510 500 1559 egregiis
528 1510 606 1547 suis
633 1510 673 1546 in
700 1508 801 1546 bello
825 1508 1085 1546 Mithridatico
1112 1508 1184 1545 sub
1212 1509 1446 1557 imperatore
1464 1509 1625 1547 Lucullo
1653 1509 1799 1546 meritis
1825 1509 2082 1558 plurimorum
2107 1509 2273 1559 gratiam
2298 1508 2446 1546 inierat.

198 1572 473 1613 Defensionem
501 1572 582 1622 ejus
606 1573 686 1610 tres
714 1571 891 1610 oratores
918 1572 1181 1620 susceperunt,
1215 1568 1263 1618 Q.
1291 1570 1532 1619 Hortensius,
1558 1570 1612 1612 M.
1643 1569 1803 1611 Crassus
1830 1573 1869 1611 et
1895 1570 2030 1612 Cicero
2056 1572 2122 1619 ita,
2150 1573 2195 1611 ut
2221 1582 2342 1621 quum
2367 1572 2448 1610 tres

200 1638 239 1676 in
266 1636 341 1675 hac
370 1646 487 1674 causa
514 1635 686 1675 actiones
714 1633 962 1680 haberentur,
989 1631 1124 1672 Cicero
1152 1635 1370 1673 extremum
1395 1633 1526 1674 locmn
1553 1633 1702 1674 dicendi
1728 1636 1877 1674 teneret
1904 1632 1953 1688 (ξ.
1976 1630 2070 1688 48.),
2097 1635 2163 1685 qui
2189 1634 2297 1674 locus
2320 1633 2355 1674 ei
2375 1632 2447 1673 ho·

200 1700 306 1738 noris
335 1709 465 1743 causa,
492 1700 536 1736 ut
563 1709 716 1736 summo
745 1698 891 1735 oratori
916 1698 1114 1746 postrema
1143 1697 1395 1734 contentionis
1422 1707 1512 1746 pars
1539 1697 1590 1735 ad
1608 1697 1835 1736 vincendum
1856 1698 2077 1746 gravissima
2097 1697 2305 1743 obveniret,
2338 1706 2446 1734 man-

203 1760 285 1800 dari
314 1760 462 1799 solebat
489 1757 551 1812 (cf.
580 1762 678 1799 orat.
706 1770 778 1810 pro
807 1758 938 1799 Sextio
968 1769 999 1798 c.
1026 1758 1073 1797 ΙΙ.
1101 1756 1246 1798 Orator
1273 1769 1305 1798 c.
1328 1754 1393 1799 37.
1423 1757 1456 1813 ξ.
1486 1753 1601 1813 130.).
1656 1758 1791 1800 Cicero
1817 1760 1933 1810 igitur
1958 1760 2127 1811 primum
2153 1770 2178 1799 a
2203 1758 2285 1799 Diis
2311 1769 2446 1811 preca-

202 1828 281 1869 tur,
317 1826 361 1862 ut
388 1823 584 1862 sententiis
607 1823 782 1872 Judicum
810 1822 1031 1862 consulatus
1058 1821 1101 1859 L.
1128 1822 1317 1861 Murenae
1344 1825 1515 1862 servetur
1542 1833 1665 1872 eaque
1691 1834 1753 1862 res
1780 1823 1850 1874 ipsi
1876 1823 2076 1870 Murenae,
2104 1822 2297 1873 iudicibus
2322 1833 2447 1874 popu·

205 1887 322 1936 loque
347 1886 526 1925 Romano
555 1886 667 1924 saluti
695 1887 744 1925 sit
771 1884 818 1938 (c.
849 1882 918 1938 l.);
960 1884 1098 1924 deinde
1125 1884 1303 1931 declarat,
1340 1896 1496 1925 necesse
1523 1897 1618 1932 esse,
1649 1888 1705 1934 ut,
1739 1889 1948 1937 antequam
1974 1898 2046 1937 pro
2073 1886 2115 1925 L.
2142 1886 2310 1926 Murena
2335 1885 2449 1932 dicat,

202 1959 328 2000 pauca
356 1959 428 1999 pro
456 1959 498 1987 se
524 1949 608 1998 ipso
637 1949 758 1995 dicat,
797 1948 847 1987 ad
873 1948 1052 1986 invidiam
1078 1947 1192 1997 hujus
1220 1958 1244 1987 a
1270 1958 1311 1987 se
1336 1951 1534 1999 susceptae
1561 1948 1810 1996 defensionis,
1850 1959 1968 1999 quam
1993 1948 2048 1988 M.
2076 1947 2171 1989 Cato
2198 1950 2317 1999 atque
2341 1947 2447 1988 Serv.

202 2012 405 2062 Sulpicius,
438 2014 705 2056 accusatores,
739 2011 908 2050 conflare
935 2011 1005 2049 sibi
1032 2010 1240 2056 voluerint,
1272 2011 1554 2050 removendam.
1613 2010 1714 2050 Nam
1741 2009 1836 2050 Cato
1861 2012 1901 2050 id
1928 2012 1963 2050 ei
1992 2011 2305 2060 exprobraverat,
2330 2010 2448 2061 quod,

202 2085 324 2125 quum
352 2075 433 2125 ipse
460 2084 632 2113 severam
660 2073 708 2113 de
736 2074 884 2113 ambitu
912 2073 1036 2124 legem
1062 2073 1222 2120 tulisset,
1256 2074 1295 2112 et
1320 2084 1450 2113 severe
1476 2072 1718 2113 consulatum
1749 2074 1939 2125 gessisset,
1973 2084 2077 2113 nunc
2102 2076 2253 2114 tantum
2278 2083 2303 2113 a
2327 2073 2448 2124 priori

201 2138 386 2186 gravitate
414 2137 646 2182 deflecteret,
672 2140 716 2175 ut
742 2137 949 2175 Murenam
978 2137 1145 2174 ambitus
1170 2146 1284 2174 reum
1310 2135 1514 2174 defendere
1541 2138 1760 2182 conaretur,
1787 2135 1989 2187 Sulpicius,
2018 2136 2123 2185 quod
2146 2136 2286 2176 oblitus
2307 2136 2448 2186 prioris

202 2211 293 2251 erga
320 2200 446 2252 ipsum
474 2199 664 2239 amicitiae
688 2210 792 2239 nunc
819 2199 1081 2240 adversarium
1107 2199 1226 2250 ipsius
1253 2197 1484 2239 defenderet.

390 2264 546 2302 Resutat
571 2264 687 2313 igitur
715 2262 849 2302 Cicero
876 2262 1019 2301 horum
1045 2262 1363 2313 reprehensiones
1390 2262 1429 2300 in
1452 2263 1578 2312 ipsum
1606 2263 1798 2313 conjectas
1823 2263 1876 2301 ita
1902 2265 1946 2301 ut
1973 2261 2109 2302 Catoni
2135 2262 2379 2313 respondeat,
2406 2273 2448 2301 se

204 2338 380 2366 severum
414 2327 466 2366 ibi
499 2327 633 2373 fuisse,
668 2327 734 2366 ubi
760 2327 994 2377 reipublicae
1021 2329 1199 2376 tempora
1225 2325 1263 2365 id
1288 2325 1561 2376 postulassent:
1596 2325 1670 2365 hac
1703 2327 1743 2366 in
1769 2337 1813 2366 re
1846 2326 1896 2366 ad
1923 2326 2074 2365 solitam
2101 2335 2212 2366 suam
2239 2326 2447 2374 lenitatem,

204 2390 252 2430 ad
281 2401 399 2440 quam
423 2393 563 2430 natura
590 2391 673 2440 ipsa
698 2400 769 2429 sua
794 2391 960 2437 inclinet,
995 2390 1122 2430 redire
1149 2401 1190 2429 se
1216 2401 1347 2440 posse;
1384 2400 1473 2430 nam
1499 2390 1705 2430 Murenam
1731 2391 1923 2430 insontem
1948 2400 2043 2437 esse,
2074 2390 2127 2429 ita
2154 2392 2198 2430 ut
2223 2389 2316 2441 legis
2342 2400 2447 2430 seve·

205 2455 298 2492 ritas
326 2454 366 2491 in
392 2453 496 2492 hunc
523 2454 661 2492 cadere
685 2463 764 2491 non
790 2455 928 2503 possit;
967 2453 1149 2503 Sulpicio,
1186 2464 1228 2492 se
1255 2454 1370 2492 etiam
1394 2453 1581 2493 Murenae
1608 2454 1777 2493 amicum
1798 2453 2027 2504 jamdudum
2056 2464 2161 2500 esse;
2201 2453 2448 2493 nihilominus

206 2528 267 2563 se,
306 2515 430 2556 donec
457 2516 625 2562 licuerit,
660 2515 814 2566 Sulpicii
847 2517 1053 2557 amicitiam
1086 2517 1278 2568 potiorem
1309 2516 1487 2557 habuisse
1519 2529 1686 2569 eumque
1718 2518 1759 2557 in
1791 2516 2011 2557 consulatus
2037 2517 2222 2569 petitione
2248 2517 2448 2568 adiuvisse,

208 2579 275 2618 sed
303 2590 418 2625 nunc,
448 2580 565 2619 rebus
592 2580 760 2625 mutatis,
794 2591 914 2629 quum
940 2581 1038 2619 alter
1064 2581 1211 2619 amicus
1238 2581 1277 2619 in
1303 2591 1496 2621 summum
1521 2582 1738 2633 periculum
1764 2580 1951 2620 adductus
1978 2582 2037 2629 sit,
2071 2593 2186 2621 suum
2212 2592 2308 2627 esse,
2340 2579 2447 2620 labo-

205 2643 308 2681 ranti
335 2645 374 2681 et
399 2642 626 2693 periclitanti
652 2654 891 2689 succurrere,
916 2644 1083 2682 maxime
1111 2655 1152 2682 se
1178 2643 1303 2694 ipsum
1339 2645 1533 2685 consulem
1560 2646 1613 2686 illi
1640 2644 1786 2684 consuli
1813 2643 1944 2684 futuro
1972 2642 2019 2697 (c.
2046 2641 2193 2697 2-4).
2243 2643 2356 2683 Initio
2383 2653 2446 2684 ca-

206 2707 295 2756 pitis
323 2706 443 2755 quinti
470 2706 624 2753 indicat,
650 2709 730 2746 tres
756 2707 875 2746 totius
902 2707 1155 2746 accusationis
1183 2710 1314 2757 partes
1340 2707 1467 2756 fuisse,
1495 2720 1659 2759 quarum
1682 2718 1762 2747 una
1788 2708 1828 2746 in
1853 2708 2154 2758 reprehensione
2180 2707 2292 2753 vitae,
2326 2706 2445 2746 altera

206 2771 246 2809 in
270 2769 516 2809 contentione
543 2770 744 2820 dignitatis,
770 2770 884 2809 tertia
909 2770 949 2808 in
976 2771 1196 2809 criminibus
1223 2771 1389 2811 ambitus
1415 2775 1565 2812 versata
1590 2773 1650 2812 sit.

395 2832 549 2870 Primae
580 2833 698 2881 partis
730 2833 925 2878 refutatio,
966 2844 1043 2882 qua
1076 2834 1152 2872 vita
1176 2833 1365 2872 Murenae
1400 2835 1450 2872 ab
1485 2836 1589 2873 omni
1622 2833 1776 2873 macula
1810 2833 2035 2879 vindicatur,
2078 2832 2293 2871 continetur
2324 2833 2446 2883 capite

205 2896 341 2946 quinto
369 2897 408 2935 et
425 2896 554 2941 sext03
582 2894 735 2935 alterius
751 2894 932 2935 refutatio
951 2896 1115 2947 pertinet
1142 2908 1166 2936 a
1194 2897 1317 2947 capite
1343 2898 1505 2948 septimo
1532 2909 1656 2948 usque
1683 2896 1734 2936 ad
1758 2896 1981 2936 vicesimum
1999 2898 2163 2942 sextum,
2190 2907 2267 2946 qua
2287 2895 2445 2936 demon-

205 2961 352 2998 stratur
370 2958 580 2998 Murenam
606 2959 646 2997 in
672 2958 949 2998 existimatione
976 2959 1076 3011 vulgi
1100 2958 1232 3000 Servio
1256 2959 1445 3012 Sulpicio,
1472 2960 1538 3011 qui
1564 2958 1765 2999 consulatu
1791 2968 1871 3000 una
1897 2968 1987 2999 cum
2012 2958 2055 2999 L.
2083 2958 2250 3001 Murena
2274 2958 2448 3001 ambien-
