<?xml version="1.0" encoding="UTF-8"?>
<!DOCTYPE html PUBLIC "-//W3C//DTD XHTML 1.0 Transitional//EN"
    "http://www.w3.org/TR/xhtml1/DTD/xhtml1-transitional.dtd">
<html xmlns="http://www.w3.org/1999/xhtml" xml:lang="en" lang="en">
 <head>
  <title>
</title>
<meta http-equiv="Content-Type" content="text/html;charset=utf-8" />
  <meta name='ocr-system' content='tesseract 3.04.00' />
  <meta name='ocr-capabilities' content='ocr_page ocr_carea ocr_par ocr_line ocrx_word'/>
</head>
<body>
  <div class='ocr_page' id='page_1' title='image "4771408_0012.png"; bbox 0 0 2634 3601; ppageno 0'>
   <div class='ocr_carea' id='block_1_1' title="bbox 172 300 2422 1922">
    <p class='ocr_par' dir='ltr' id='par_1_1' title="bbox 172 300 2422 1736">
     <span class='ocr_line' id='line_1_1' title="bbox 174 300 2415 357; baseline 0 -13"><span class='ocrx_word' id='word_1_1' title='bbox 174 304 225 344; x_wconf 91' lang='lat' dir='ltr'><strong>do</strong></span> <span class='ocrx_word' id='word_1_2' title='bbox 253 312 343 343; x_wconf 89' lang='lat' dir='ltr'><strong>cum</strong></span> <span class='ocrx_word' id='word_1_3' title='bbox 368 300 445 342; x_wconf 90' lang='lat' dir='ltr'><strong>hoc</strong></span> <span class='ocrx_word' id='word_1_4' title='bbox 471 300 660 354; x_wconf 85' lang='lat' dir='ltr'><strong>dignitatis</strong></span> <span class='ocrx_word' id='word_1_5' title='bbox 688 304 883 344; x_wconf 85' lang='lat' dir='ltr'><strong>certamen</strong></span> <span class='ocrx_word' id='word_1_6' title='bbox 907 303 1063 352; x_wconf 81' lang='lat' dir='ltr'><strong>iniisset,</strong></span> <span class='ocrx_word' id='word_1_7' title='bbox 1088 302 1214 344; x_wconf 86' lang='lat' dir='ltr'><strong>multo</strong></span> <span class='ocrx_word' id='word_1_8' title='bbox 1240 302 1480 354; x_wconf 86' lang='lat' dir='ltr'><strong>superiorem</strong></span> <span class='ocrx_word' id='word_1_9' title='bbox 1505 300 1634 348; x_wconf 86' lang='lat' dir='ltr'><strong>fuisse,</strong></span> <span class='ocrx_word' id='word_1_10' title='bbox 1660 303 1699 340; x_wconf 88' lang='lat' dir='ltr'><strong>et</strong></span> <span class='ocrx_word' id='word_1_11' title='bbox 1724 301 1808 343; x_wconf 88' lang='lat' dir='ltr'><strong>fleri</strong></span> <span class='ocrx_word' id='word_1_12' title='bbox 1829 313 1910 344; x_wconf 91' lang='lat' dir='ltr'><strong>non</strong></span> <span class='ocrx_word' id='word_1_13' title='bbox 1928 305 2112 357; x_wconf 86' lang='lat' dir='ltr'><strong>potuisse,</strong></span> <span class='ocrx_word' id='word_1_14' title='bbox 2137 304 2231 356; x_wconf 88' lang='lat' dir='ltr'><strong>quin</strong></span> <span class='ocrx_word' id='word_1_15' title='bbox 2246 303 2311 344; x_wconf 89' lang='lat' dir='ltr'><strong>ille</strong></span> <span class='ocrx_word' id='word_1_16' title='bbox 2334 304 2415 344; x_wconf 81' lang='lat' dir='ltr'><strong>vin-</strong></span> 
     </span>
     <span class='ocr_line' id='line_1_2' title="bbox 178 363 2416 420; baseline 0 -14"><span class='ocrx_word' id='word_1_17' title='bbox 178 370 293 406; x_wconf 88' lang='lat' dir='ltr'><strong>ceret.</strong></span> <span class='ocrx_word' id='word_1_18' title='bbox 344 365 439 404; x_wconf 88' lang='lat' dir='ltr'><strong>Inde</strong></span> <span class='ocrx_word' id='word_1_19' title='bbox 465 375 490 404; x_wconf 83' lang='lat' dir='ltr'><strong>a</strong></span> <span class='ocrx_word' id='word_1_20' title='bbox 516 366 593 405; x_wconf 87' lang='lat' dir='ltr'><strong>fine</strong></span> <span class='ocrx_word' id='word_1_21' title='bbox 620 368 751 416; x_wconf 90' lang='lat' dir='ltr'><strong>capitis</strong></span> <span class='ocrx_word' id='word_1_22' title='bbox 774 367 942 406; x_wconf 87' lang='lat' dir='ltr'><strong>vicesimi</strong></span> <span class='ocrx_word' id='word_1_23' title='bbox 968 368 1067 407; x_wconf 82' lang='lat' dir='ltr'><strong>sexti</strong></span> <span class='ocrx_word' id='word_1_24' title='bbox 1094 365 1144 420; x_wconf 59' lang='grc' dir='ltr'><strong>(ᾖ.</strong></span> <span class='ocrx_word' id='word_1_25' title='bbox 1169 363 1252 419; x_wconf 76' lang='lat'><strong>54.)</strong></span> <span class='ocrx_word' id='word_1_26' title='bbox 1286 367 1336 406; x_wconf 90' lang='lat' dir='ltr'><strong>ad</strong></span> <span class='ocrx_word' id='word_1_27' title='bbox 1360 366 1498 405; x_wconf 85' lang='lat' dir='ltr'><strong>tertiae</strong></span> <span class='ocrx_word' id='word_1_28' title='bbox 1521 365 1642 414; x_wconf 80' lang='lat' dir='ltr'><strong>partis</strong></span> <span class='ocrx_word' id='word_1_29' title='bbox 1666 364 1937 406; x_wconf 69' lang='lat' dir='ltr'><strong>refutationem</strong></span> <span class='ocrx_word' id='word_1_30' title='bbox 1962 368 2167 414; x_wconf 73' lang='lat' dir='ltr'><strong>transitur,</strong></span> <span class='ocrx_word' id='word_1_31' title='bbox 2200 368 2416 418; x_wconf 79' lang='lat' dir='ltr'><strong>praemissa</strong></span> 
     </span>
     <span class='ocr_line' id='line_1_3' title="bbox 178 426 2414 482; baseline 0 -12"><span class='ocrx_word' id='word_1_32' title='bbox 178 428 453 482; x_wconf 78' lang='lat' dir='ltr'><strong>conquestione</strong></span> <span class='ocrx_word' id='word_1_33' title='bbox 479 427 527 469; x_wconf 89' lang='lat' dir='ltr'><strong>de</strong></span> <span class='ocrx_word' id='word_1_34' title='bbox 553 428 710 470; x_wconf 89' lang='lat' dir='ltr'><strong>adversa</strong></span> <span class='ocrx_word' id='word_1_35' title='bbox 723 429 913 471; x_wconf 83' lang='lat' dir='ltr'><strong>Murenae</strong></span> <span class='ocrx_word' id='word_1_36' title='bbox 938 428 1106 477; x_wconf 81' lang='lat' dir='ltr'><strong>fortuna,</strong></span> <span class='ocrx_word' id='word_1_37' title='bbox 1132 440 1212 480; x_wconf 85' lang='lat' dir='ltr'><strong>qua</strong></span> <span class='ocrx_word' id='word_1_38' title='bbox 1236 428 1341 471; x_wconf 88' lang='lat' dir='ltr'><strong>nulla</strong></span> <span class='ocrx_word' id='word_1_39' title='bbox 1366 428 1417 469; x_wconf 90' lang='lat' dir='ltr'><strong>ab</strong></span> <span class='ocrx_word' id='word_1_40' title='bbox 1444 438 1493 468; x_wconf 89' lang='lat' dir='ltr'><strong>eo</strong></span> <span class='ocrx_word' id='word_1_41' title='bbox 1520 426 1610 467; x_wconf 84' lang='lat' dir='ltr'><strong>data</strong></span> <span class='ocrx_word' id='word_1_42' title='bbox 1637 435 1754 466; x_wconf 86' lang='lat' dir='ltr'><strong>causa</strong></span> <span class='ocrx_word' id='word_1_43' title='bbox 1778 429 1860 468; x_wconf 90' lang='lat' dir='ltr'><strong>tam</strong></span> <span class='ocrx_word' id='word_1_44' title='bbox 1884 427 2127 471; x_wconf 86' lang='lat' dir='ltr'><strong>vehementes</strong></span> <span class='ocrx_word' id='word_1_45' title='bbox 2148 430 2190 471; x_wconf 90' lang='lat' dir='ltr'><strong>in</strong></span> <span class='ocrx_word' id='word_1_46' title='bbox 2211 441 2301 471; x_wconf 89' lang='lat' dir='ltr'><strong>eum</strong></span> <span class='ocrx_word' id='word_1_47' title='bbox 2321 440 2414 470; x_wconf 90' lang='lat' dir='ltr'><strong>con·</strong></span> 
     </span>
     <span class='ocr_line' id='line_1_4' title="bbox 177 488 2415 546; baseline 0 -14"><span class='ocrx_word' id='word_1_48' title='bbox 177 492 343 532; x_wconf 70' lang='lat' dir='ltr'><strong>nitentur</strong></span> <span class='ocrx_word' id='word_1_49' title='bbox 367 491 570 531; x_wconf 83' lang='lat' dir='ltr'><strong>adversarii</strong></span> <span class='ocrx_word' id='word_1_50' title='bbox 596 489 644 546; x_wconf 92' lang='lat' dir='ltr'><strong>(c.</strong></span> <span class='ocrx_word' id='word_1_51' title='bbox 670 488 763 546; x_wconf 63' lang='lat'><strong>22).</strong></span> <span class='ocrx_word' id='word_1_52' title='bbox 815 491 878 532; x_wconf 88' lang='lat' dir='ltr'><strong>Ex</strong></span> <span class='ocrx_word' id='word_1_53' title='bbox 902 491 987 543; x_wconf 88' lang='lat' dir='ltr'><strong>ipsa</strong></span> <span class='ocrx_word' id='word_1_54' title='bbox 1009 491 1124 543; x_wconf 74' lang='lat' dir='ltr'><strong>huius</strong></span> <span class='ocrx_word' id='word_1_55' title='bbox 1149 492 1269 543; x_wconf 87' lang='lat' dir='ltr'><strong>partis</strong></span> <span class='ocrx_word' id='word_1_56' title='bbox 1294 490 1526 532; x_wconf 77' lang='lat' dir='ltr'><strong>refutatione</strong></span> <span class='ocrx_word' id='word_1_57' title='bbox 1550 488 1666 529; x_wconf 91' lang='lat' dir='ltr'><strong>hodie</strong></span> <span class='ocrx_word' id='word_1_58' title='bbox 1692 488 1785 528; x_wconf 90' lang='lat' dir='ltr'><strong>nihil</strong></span> <span class='ocrx_word' id='word_1_59' title='bbox 1812 501 1961 540; x_wconf 84' lang='lat' dir='ltr'><strong>eorum,</strong></span> <span class='ocrx_word' id='word_1_60' title='bbox 1988 492 2127 542; x_wconf 80' lang='lat' dir='ltr'><strong>quibus</strong></span> <span class='ocrx_word' id='word_1_61' title='bbox 2153 492 2288 533; x_wconf 86' lang='lat' dir='ltr'><strong>Cicero</strong></span> <span class='ocrx_word' id='word_1_62' title='bbox 2315 492 2415 532; x_wconf 83' lang='lat' dir='ltr'><strong>duos</strong></span> 
     </span>
     <span class='ocr_line' id='line_1_5' title="bbox 172 550 2417 605; baseline 0 -12"><span class='ocrx_word' id='word_1_63' title='bbox 172 555 321 605; x_wconf 84' lang='lat' dir='ltr'><strong>priores</strong></span> <span class='ocrx_word' id='word_1_64' title='bbox 346 557 587 594; x_wconf 78' lang='lat' dir='ltr'><strong>accusatores</strong></span> <span class='ocrx_word' id='word_1_65' title='bbox 613 555 875 605; x_wconf 80' lang='lat' dir='ltr'><strong>redarguerat,</strong></span> <span class='ocrx_word' id='word_1_66' title='bbox 903 557 1041 601; x_wconf 87' lang='lat' dir='ltr'><strong>exstat,</strong></span> <span class='ocrx_word' id='word_1_67' title='bbox 1066 555 1144 593; x_wconf 85' lang='lat' dir='ltr'><strong>sive</strong></span> <span class='ocrx_word' id='word_1_68' title='bbox 1169 553 1265 593; x_wconf 90' lang='lat' dir='ltr'><strong>haec</strong></span> <span class='ocrx_word' id='word_1_69' title='bbox 1288 554 1444 593; x_wconf 90' lang='lat' dir='ltr'><strong>consilio</strong></span> <span class='ocrx_word' id='word_1_70' title='bbox 1471 562 1496 591; x_wconf 84' lang='lat' dir='ltr'><strong>a</strong></span> <span class='ocrx_word' id='word_1_71' title='bbox 1521 550 1708 591; x_wconf 85' lang='lat' dir='ltr'><strong>Cicerone</strong></span> <span class='ocrx_word' id='word_1_72' title='bbox 1734 553 1774 590; x_wconf 92' lang='lat' dir='ltr'><strong>in</strong></span> <span class='ocrx_word' id='word_1_73' title='bbox 1802 552 1949 592; x_wconf 89' lang='lat' dir='ltr'><strong>edenda</strong></span> <span class='ocrx_word' id='word_1_74' title='bbox 1974 553 2051 593; x_wconf 86' lang='lat' dir='ltr'><strong>hac</strong></span> <span class='ocrx_word' id='word_1_75' title='bbox 2075 555 2251 593; x_wconf 79' lang='lat' dir='ltr'><strong>oratione</strong></span> <span class='ocrx_word' id='word_1_76' title='bbox 2275 555 2417 594; x_wconf 82' lang='lat' dir='ltr'><strong>omissa</strong></span> 
     </span>
     <span class='ocr_line' id='line_1_6' title="bbox 172 615 2417 669; baseline -0 -12"><span class='ocrx_word' id='word_1_77' title='bbox 172 620 274 666; x_wconf 86' lang='lat' dir='ltr'><strong>sunt,</strong></span> <span class='ocrx_word' id='word_1_78' title='bbox 301 617 406 668; x_wconf 89' lang='lat' dir='ltr'><strong>quod</strong></span> <span class='ocrx_word' id='word_1_79' title='bbox 429 618 602 657; x_wconf 88' lang='lat' dir='ltr'><strong>nonnulli</strong></span> <span class='ocrx_word' id='word_1_80' title='bbox 627 619 854 669; x_wconf 77' lang='lat' dir='ltr'><strong>interpretes</strong></span> <span class='ocrx_word' id='word_1_81' title='bbox 878 617 1023 664; x_wconf 89' lang='lat' dir='ltr'><strong>volunt,</strong></span> <span class='ocrx_word' id='word_1_82' title='bbox 1049 617 1128 656; x_wconf 86' lang='lat' dir='ltr'><strong>sive</strong></span> <span class='ocrx_word' id='word_1_83' title='bbox 1154 616 1293 667; x_wconf 86' lang='lat' dir='ltr'><strong>injuria</strong></span> <span class='ocrx_word' id='word_1_84' title='bbox 1316 618 1537 666; x_wconf 87' lang='lat' dir='ltr'><strong>temporum</strong></span> <span class='ocrx_word' id='word_1_85' title='bbox 1562 615 1857 662; x_wconf 55' lang='lat' dir='ltr'><strong>intercidet-unu</strong></span> <span class='ocrx_word' id='word_1_86' title='bbox 1885 620 2038 656; x_wconf 80' lang='lat' dir='ltr'><strong>exstant</strong></span> <span class='ocrx_word' id='word_1_87' title='bbox 2055 618 2172 668; x_wconf 86' lang='lat' dir='ltr'><strong>igitur</strong></span> <span class='ocrx_word' id='word_1_88' title='bbox 2190 628 2238 656; x_wconf 87' lang='lat' dir='ltr'><strong>ea</strong></span> <span class='ocrx_word' id='word_1_89' title='bbox 2253 620 2417 664; x_wconf 71' lang='lat' dir='ltr'><strong>tannim,</strong></span> 
     </span>
     <span class='ocr_line' id='line_1_7' title="bbox 174 677 2417 733; baseline -0.001 -13"><span class='ocrx_word' id='word_1_90' title='bbox 174 680 313 730; x_wconf 84' lang='lat' dir='ltr'><strong>quibus</strong></span> <span class='ocrx_word' id='word_1_91' title='bbox 340 679 493 720; x_wconf 87' lang='lat' dir='ltr'><strong>Catonis</strong></span> <span class='ocrx_word' id='word_1_92' title='bbox 520 681 713 720; x_wconf 75' lang='lat' dir='ltr'><strong>accusatio</strong></span> <span class='ocrx_word' id='word_1_93' title='bbox 739 680 945 727; x_wconf 71' lang='lat' dir='ltr'><strong>refellim,</strong></span> <span class='ocrx_word' id='word_1_94' title='bbox 979 681 1170 729; x_wconf 85' lang='lat' dir='ltr'><strong>quatenus</strong></span> <span class='ocrx_word' id='word_1_95' title='bbox 1196 678 1247 718; x_wconf 89' lang='lat' dir='ltr'><strong>ad</strong></span> <span class='ocrx_word' id='word_1_96' title='bbox 1274 679 1420 717; x_wconf 83' lang='lat' dir='ltr'><strong>crimen</strong></span> <span class='ocrx_word' id='word_1_97' title='bbox 1445 677 1611 716; x_wconf 88' lang='lat' dir='ltr'><strong>ambitus</strong></span> <span class='ocrx_word' id='word_1_98' title='bbox 1637 677 1825 717; x_wconf 85' lang='lat' dir='ltr'><strong>Murenae</strong></span> <span class='ocrx_word' id='word_1_99' title='bbox 1852 678 2050 728; x_wconf 87' lang='lat' dir='ltr'><strong>objectum</strong></span> <span class='ocrx_word' id='word_1_100' title='bbox 2073 680 2292 732; x_wconf 83' lang='lat' dir='ltr'><strong>pertinebat</strong></span> <span class='ocrx_word' id='word_1_101' title='bbox 2318 679 2417 733; x_wconf 86' lang='lat' dir='ltr'><strong>(cap.</strong></span> 
     </span>
     <span class='ocr_line' id='line_1_8' title="bbox 172 739 2419 797; baseline 0 -12"><span class='ocrx_word' id='word_1_102' title='bbox 172 739 370 797; x_wconf 76' lang='lat'><strong>28-38.).</strong></span> <span class='ocrx_word' id='word_1_103' title='bbox 420 744 605 784; x_wconf 87' lang='lat' dir='ltr'><strong>Universa</strong></span> <span class='ocrx_word' id='word_1_104' title='bbox 629 744 812 784; x_wconf 77' lang='lat' dir='ltr'><strong>refutatio</strong></span> <span class='ocrx_word' id='word_1_105' title='bbox 840 742 995 783; x_wconf 88' lang='lat' dir='ltr'><strong>Catonis</strong></span> <span class='ocrx_word' id='word_1_106' title='bbox 1021 743 1062 782; x_wconf 92' lang='lat' dir='ltr'><strong>in</strong></span> <span class='ocrx_word' id='word_1_107' title='bbox 1087 741 1148 782; x_wconf 89' lang='lat' dir='ltr'><strong>his</strong></span> <span class='ocrx_word' id='word_1_108' title='bbox 1177 742 1327 782; x_wconf 86' lang='lat' dir='ltr'><strong>duabus</strong></span> <span class='ocrx_word' id='word_1_109' title='bbox 1352 741 1469 781; x_wconf 92' lang='lat' dir='ltr'><strong>rebus</strong></span> <span class='ocrx_word' id='word_1_110' title='bbox 1494 743 1687 781; x_wconf 87' lang='lat' dir='ltr'><strong>versatur:</strong></span> <span class='ocrx_word' id='word_1_111' title='bbox 1714 742 1883 791; x_wconf 87' lang='lat' dir='ltr'><strong>primum</strong></span> <span class='ocrx_word' id='word_1_112' title='bbox 1911 743 2083 782; x_wconf 88' lang='lat' dir='ltr'><strong>elevatur</strong></span> <span class='ocrx_word' id='word_1_113' title='bbox 2108 745 2317 784; x_wconf 84' lang='lat' dir='ltr'><strong>auctoritas</strong></span> <span class='ocrx_word' id='word_1_114' title='bbox 2344 742 2419 784; x_wconf 85' lang='lat' dir='ltr'><strong>Ca·</strong></span> 
     </span>
     <span class='ocr_line' id='line_1_9' title="bbox 173 802 2420 860; baseline -0.001 -11"><span class='ocrx_word' id='word_1_115' title='bbox 173 807 285 857; x_wconf 90' lang='lat' dir='ltr'><strong>tonis,</strong></span> <span class='ocrx_word' id='word_1_116' title='bbox 314 807 380 860; x_wconf 93' lang='lat' dir='ltr'><strong>qui</strong></span> <span class='ocrx_word' id='word_1_117' title='bbox 402 807 520 849; x_wconf 90' lang='lat' dir='ltr'><strong>nimia</strong></span> <span class='ocrx_word' id='word_1_118' title='bbox 546 806 715 860; x_wconf 89' lang='lat' dir='ltr'><strong>quadam</strong></span> <span class='ocrx_word' id='word_1_119' title='bbox 741 805 859 848; x_wconf 90' lang='lat' dir='ltr'><strong>animi</strong></span> <span class='ocrx_word' id='word_1_120' title='bbox 884 805 1091 859; x_wconf 84' lang='lat' dir='ltr'><strong>asperitate</strong></span> <span class='ocrx_word' id='word_1_121' title='bbox 1117 816 1141 847; x_wconf 90' lang='lat' dir='ltr'><strong>e</strong></span> <span class='ocrx_word' id='word_1_122' title='bbox 1159 803 1291 847; x_wconf 90' lang='lat' dir='ltr'><strong>Stoica</strong></span> <span class='ocrx_word' id='word_1_123' title='bbox 1315 802 1605 858; x_wconf 85' lang='lat' dir='ltr'><strong>philosophandi</strong></span> <span class='ocrx_word' id='word_1_124' title='bbox 1629 803 1778 845; x_wconf 89' lang='lat' dir='ltr'><strong>ratione</strong></span> <span class='ocrx_word' id='word_1_125' title='bbox 1804 806 1929 846; x_wconf 87' lang='lat' dir='ltr'><strong>tracta</strong></span> <span class='ocrx_word' id='word_1_126' title='bbox 1954 805 1996 847; x_wconf 90' lang='lat' dir='ltr'><strong>in</strong></span> <span class='ocrx_word' id='word_1_127' title='bbox 2022 804 2199 847; x_wconf 87' lang='lat' dir='ltr'><strong>errorem</strong></span> <span class='ocrx_word' id='word_1_128' title='bbox 2224 808 2343 859; x_wconf 75' lang='lat' dir='ltr'><strong>atque</strong></span> <span class='ocrx_word' id='word_1_129' title='bbox 2368 805 2420 847; x_wconf 87' lang='lat' dir='ltr'><strong>ad</strong></span> 
     </span>
     <span class='ocr_line' id='line_1_10' title="bbox 172 867 2419 919; baseline -0.001 -9"><span class='ocrx_word' id='word_1_130' title='bbox 172 871 331 909; x_wconf 87' lang='lat' dir='ltr'><strong>nimiam</strong></span> <span class='ocrx_word' id='word_1_131' title='bbox 356 871 560 910; x_wconf 89' lang='lat' dir='ltr'><strong>accusandi</strong></span> <span class='ocrx_word' id='word_1_132' title='bbox 586 872 778 910; x_wconf 89' lang='lat' dir='ltr'><strong>licentiam</strong></span> <span class='ocrx_word' id='word_1_133' title='bbox 809 869 988 908; x_wconf 87' lang='lat' dir='ltr'><strong>inductus</strong></span> <span class='ocrx_word' id='word_1_134' title='bbox 1015 870 1074 916; x_wconf 88' lang='lat' dir='ltr'><strong>sit,</strong></span> <span class='ocrx_word' id='word_1_135' title='bbox 1102 870 1164 908; x_wconf 92' lang='lat' dir='ltr'><strong>cui</strong></span> <span class='ocrx_word' id='word_1_136' title='bbox 1190 869 1490 919; x_wconf 88' lang='lat' dir='ltr'><strong>reprehensione</strong></span> <span class='ocrx_word' id='word_1_137' title='bbox 1518 878 1565 906; x_wconf 91' lang='lat' dir='ltr'><strong>ea</strong></span> <span class='ocrx_word' id='word_1_138' title='bbox 1590 868 1842 917; x_wconf 86' lang='lat' dir='ltr'><strong>subjungitur,</strong></span> <span class='ocrx_word' id='word_1_139' title='bbox 1869 868 1975 917; x_wconf 88' lang='lat' dir='ltr'><strong>quod</strong></span> <span class='ocrx_word' id='word_1_140' title='bbox 2002 867 2101 908; x_wconf 87' lang='lat' dir='ltr'><strong>Cato</strong></span> <span class='ocrx_word' id='word_1_141' title='bbox 2128 870 2170 908; x_wconf 90' lang='lat' dir='ltr'><strong>in</strong></span> <span class='ocrx_word' id='word_1_142' title='bbox 2196 869 2298 908; x_wconf 87' lang='lat' dir='ltr'><strong>vitae</strong></span> <span class='ocrx_word' id='word_1_143' title='bbox 2323 879 2419 908; x_wconf 82' lang='lat' dir='ltr'><strong>suae</strong></span> 
     </span>
     <span class='ocr_line' id='line_1_11' title="bbox 174 931 2418 984; baseline -0.001 -11"><span class='ocrx_word' id='word_1_144' title='bbox 174 934 350 984; x_wconf 88' lang='lat' dir='ltr'><strong>publicae</strong></span> <span class='ocrx_word' id='word_1_145' title='bbox 375 935 524 973; x_wconf 85' lang='lat' dir='ltr'><strong>ratione</strong></span> <span class='ocrx_word' id='word_1_146' title='bbox 552 935 622 973; x_wconf 91' lang='lat' dir='ltr'><strong>sibi</strong></span> <span class='ocrx_word' id='word_1_147' title='bbox 647 945 728 973; x_wconf 93' lang='lat' dir='ltr'><strong>non</strong></span> <span class='ocrx_word' id='word_1_148' title='bbox 755 934 915 979; x_wconf 87' lang='lat' dir='ltr'><strong>constet,</strong></span> <span class='ocrx_word' id='word_1_149' title='bbox 948 932 1016 971; x_wconf 94' lang='lat' dir='ltr'><strong>sed</strong></span> <span class='ocrx_word' id='word_1_150' title='bbox 1043 935 1178 971; x_wconf 88' lang='lat' dir='ltr'><strong>contra</strong></span> <span class='ocrx_word' id='word_1_151' title='bbox 1201 943 1272 971; x_wconf 89' lang='lat' dir='ltr'><strong>sua</strong></span> <span class='ocrx_word' id='word_1_152' title='bbox 1297 933 1379 982; x_wconf 90' lang='lat' dir='ltr'><strong>ipse</strong></span> <span class='ocrx_word' id='word_1_153' title='bbox 1404 933 1611 981; x_wconf 86' lang='lat' dir='ltr'><strong>praecepta</strong></span> <span class='ocrx_word' id='word_1_154' title='bbox 1635 934 1780 981; x_wconf 87' lang='lat' dir='ltr'><strong>peccet,</strong></span> <span class='ocrx_word' id='word_1_155' title='bbox 1811 931 1964 981; x_wconf 90' lang='lat' dir='ltr'><strong>plebem</strong></span> <span class='ocrx_word' id='word_1_156' title='bbox 1990 932 2031 971; x_wconf 93' lang='lat' dir='ltr'><strong>in</strong></span> <span class='ocrx_word' id='word_1_157' title='bbox 2058 931 2268 971; x_wconf 91' lang='lat' dir='ltr'><strong>ambiendo</strong></span> <span class='ocrx_word' id='word_1_158' title='bbox 2295 932 2418 982; x_wconf 84' lang='lat' dir='ltr'><strong>magi-</strong></span> 
     </span>
     <span class='ocr_line' id='line_1_12' title="bbox 176 991 2421 1048; baseline -0.001 -10"><span class='ocrx_word' id='word_1_159' title='bbox 176 997 300 1037; x_wconf 87' lang='lat' dir='ltr'><strong>stratu</strong></span> <span class='ocrx_word' id='word_1_160' title='bbox 321 995 534 1045; x_wconf 87' lang='lat' dir='ltr'><strong>salutando,</strong></span> <span class='ocrx_word' id='word_1_161' title='bbox 568 995 799 1048; x_wconf 88' lang='lat' dir='ltr'><strong>prensando,</strong></span> <span class='ocrx_word' id='word_1_162' title='bbox 831 994 1029 1047; x_wconf 85' lang='lat' dir='ltr'><strong>rogand0;</strong></span> <span class='ocrx_word' id='word_1_163' title='bbox 1071 994 1209 1036; x_wconf 89' lang='lat' dir='ltr'><strong>deinde</strong></span> <span class='ocrx_word' id='word_1_164' title='bbox 1236 994 1467 1043; x_wconf 86' lang='lat' dir='ltr'><strong>declaratur,</strong></span> <span class='ocrx_word' id='word_1_165' title='bbox 1510 991 1696 1034; x_wconf 87' lang='lat' dir='ltr'><strong>Catonem</strong></span> <span class='ocrx_word' id='word_1_166' title='bbox 1721 992 1907 1034; x_wconf 87' lang='lat' dir='ltr'><strong>Murenae</strong></span> <span class='ocrx_word' id='word_1_167' title='bbox 1931 993 2122 1034; x_wconf 88' lang='lat' dir='ltr'><strong>ambitum</strong></span> <span class='ocrx_word' id='word_1_168' title='bbox 2148 994 2421 1046; x_wconf 86' lang='lat' dir='ltr'><strong>exprobrasse,</strong></span> 
     </span>
     <span class='ocr_line' id='line_1_13' title="bbox 176 1057 2422 1109; baseline -0.001 -11"><span class='ocrx_word' id='word_1_169' title='bbox 176 1059 244 1098; x_wconf 90' lang='lat' dir='ltr'><strong>sed</strong></span> <span class='ocrx_word' id='word_1_170' title='bbox 269 1069 350 1098; x_wconf 92' lang='lat' dir='ltr'><strong>non</strong></span> <span class='ocrx_word' id='word_1_171' title='bbox 376 1059 677 1105; x_wconf 90' lang='lat' dir='ltr'><strong>demonstrasse;</strong></span> <span class='ocrx_word' id='word_1_172' title='bbox 715 1059 796 1109; x_wconf 89' lang='lat' dir='ltr'><strong>ejus</strong></span> <span class='ocrx_word' id='word_1_173' title='bbox 823 1058 1108 1096; x_wconf 89' lang='lat' dir='ltr'><strong>accusationem</strong></span> <span class='ocrx_word' id='word_1_174' title='bbox 1134 1058 1240 1097; x_wconf 89' lang='lat' dir='ltr'><strong>nullo</strong></span> <span class='ocrx_word' id='word_1_175' title='bbox 1267 1059 1382 1097; x_wconf 86' lang='lat' dir='ltr'><strong>firmo</strong></span> <span class='ocrx_word' id='word_1_176' title='bbox 1413 1057 1641 1107; x_wconf 82' lang='lat' dir='ltr'><strong>argumento</strong></span> <span class='ocrx_word' id='word_1_177' title='bbox 1666 1057 1747 1102; x_wconf 87' lang='lat' dir='ltr'><strong>niti,</strong></span> <span class='ocrx_word' id='word_1_178' title='bbox 1774 1057 1842 1095; x_wconf 90' lang='lat' dir='ltr'><strong>sed</strong></span> <span class='ocrx_word' id='word_1_179' title='bbox 1866 1057 1906 1095; x_wconf 87' lang='lat' dir='ltr'><strong>in</strong></span> <span class='ocrx_word' id='word_1_180' title='bbox 1932 1057 2117 1096; x_wconf 90' lang='lat' dir='ltr'><strong>invidiosa</strong></span> <span class='ocrx_word' id='word_1_181' title='bbox 2144 1068 2292 1104; x_wconf 83' lang='lat' dir='ltr'><strong>rerum,</strong></span> <span class='ocrx_word' id='word_1_182' title='bbox 2319 1064 2422 1106; x_wconf 70' lang='lat' dir='ltr'><strong>que</strong></span> 
     </span>
     <span class='ocr_line' id='line_1_14' title="bbox 175 1118 2420 1173; baseline -0.001 -12"><span class='ocrx_word' id='word_1_183' title='bbox 175 1133 287 1161; x_wconf 90' lang='lat' dir='ltr'><strong>more</strong></span> <span class='ocrx_word' id='word_1_184' title='bbox 317 1122 432 1169; x_wconf 81' lang='lat' dir='ltr'><strong>flant,</strong></span> <span class='ocrx_word' id='word_1_185' title='bbox 470 1122 793 1173; x_wconf 87' lang='lat' dir='ltr'><strong>interpretatione.</strong></span> <span class='ocrx_word' id='word_1_186' title='bbox 847 1119 1049 1160; x_wconf 90' lang='lat' dir='ltr'><strong>Concludit</strong></span> <span class='ocrx_word' id='word_1_187' title='bbox 1073 1122 1201 1159; x_wconf 89' lang='lat' dir='ltr'><strong>totum</strong></span> <span class='ocrx_word' id='word_1_188' title='bbox 1225 1120 1329 1159; x_wconf 94' lang='lat' dir='ltr'><strong>hunc</strong></span> <span class='ocrx_word' id='word_1_189' title='bbox 1354 1119 1486 1158; x_wconf 93' lang='lat' dir='ltr'><strong>locum</strong></span> <span class='ocrx_word' id='word_1_190' title='bbox 1513 1118 1648 1158; x_wconf 89' lang='lat' dir='ltr'><strong>Cicero</strong></span> <span class='ocrx_word' id='word_1_191' title='bbox 1677 1119 1812 1158; x_wconf 88' lang='lat' dir='ltr'><strong>additis</strong></span> <span class='ocrx_word' id='word_1_192' title='bbox 1836 1119 1912 1158; x_wconf 88' lang='lat' dir='ltr'><strong>his:</strong></span> <span class='ocrx_word' id='word_1_193' title='bbox 1967 1118 2084 1166; x_wconf 89' lang='lat' dir='ltr'><strong>Quod</strong></span> <span class='ocrx_word' id='word_1_194' title='bbox 2111 1119 2209 1159; x_wconf 88' lang='lat' dir='ltr'><strong>Cato</strong></span> <span class='ocrx_word' id='word_1_195' title='bbox 2236 1120 2420 1171; x_wconf 88' lang='lat' dir='ltr'><strong>reipubli-</strong></span> 
     </span>
     <span class='ocr_line' id='line_1_15' title="bbox 178 1179 2419 1235; baseline -0 -10"><span class='ocrx_word' id='word_1_196' title='bbox 178 1194 246 1224; x_wconf 85' lang='lat' dir='ltr'><strong>cae</strong></span> <span class='ocrx_word' id='word_1_197' title='bbox 271 1195 445 1224; x_wconf 88' lang='lat' dir='ltr'><strong>amorem</strong></span> <span class='ocrx_word' id='word_1_198' title='bbox 470 1187 587 1235; x_wconf 88' lang='lat' dir='ltr'><strong>atque</strong></span> <span class='ocrx_word' id='word_1_199' title='bbox 613 1184 782 1224; x_wconf 91' lang='lat' dir='ltr'><strong>studium</strong></span> <span class='ocrx_word' id='word_1_200' title='bbox 808 1193 902 1223; x_wconf 89' lang='lat' dir='ltr'><strong>suae</strong></span> <span class='ocrx_word' id='word_1_201' title='bbox 927 1183 1163 1223; x_wconf 88' lang='lat' dir='ltr'><strong>accusationi</strong></span> <span class='ocrx_word' id='word_1_202' title='bbox 1189 1179 1429 1234; x_wconf 84' lang='lat' dir='ltr'><strong>praetendat,</strong></span> <span class='ocrx_word' id='word_1_203' title='bbox 1456 1193 1499 1221; x_wconf 90' lang='lat' dir='ltr'><strong>se</strong></span> <span class='ocrx_word' id='word_1_204' title='bbox 1522 1181 1582 1221; x_wconf 92' lang='lat' dir='ltr'><strong>vel</strong></span> <span class='ocrx_word' id='word_1_205' title='bbox 1607 1182 1728 1232; x_wconf 90' lang='lat' dir='ltr'><strong>magis</strong></span> <span class='ocrx_word' id='word_1_206' title='bbox 1756 1182 1804 1222; x_wconf 92' lang='lat' dir='ltr'><strong>de</strong></span> <span class='ocrx_word' id='word_1_207' title='bbox 1829 1182 1998 1233; x_wconf 87' lang='lat' dir='ltr'><strong>periculo</strong></span> <span class='ocrx_word' id='word_1_208' title='bbox 2024 1192 2049 1221; x_wconf 91' lang='lat' dir='ltr'><strong>a</strong></span> <span class='ocrx_word' id='word_1_209' title='bbox 2071 1180 2234 1223; x_wconf 87' lang='lat' dir='ltr'><strong>Catilina</strong></span> <span class='ocrx_word' id='word_1_210' title='bbox 2260 1184 2419 1224; x_wconf 84' lang='lat' dir='ltr'><strong>instanti</strong></span> 
     </span>
     <span class='ocr_line' id='line_1_16' title="bbox 177 1244 2420 1297; baseline 0 -11"><span class='ocrx_word' id='word_1_211' title='bbox 177 1246 380 1286; x_wconf 89' lang='lat' dir='ltr'><strong>sollicitum</strong></span> <span class='ocrx_word' id='word_1_212' title='bbox 407 1258 503 1294; x_wconf 89' lang='lat' dir='ltr'><strong>esse,</strong></span> <span class='ocrx_word' id='word_1_213' title='bbox 529 1247 650 1286; x_wconf 91' lang='lat' dir='ltr'><strong>multo</strong></span> <span class='ocrx_word' id='word_1_214' title='bbox 678 1258 769 1286; x_wconf 90' lang='lat' dir='ltr'><strong>vero</strong></span> <span class='ocrx_word' id='word_1_215' title='bbox 797 1247 914 1286; x_wconf 87' lang='lat' dir='ltr'><strong>etiam</strong></span> <span class='ocrx_word' id='word_1_216' title='bbox 943 1246 1131 1296; x_wconf 75' lang='lat' dir='ltr'><strong>maJorem</strong></span> <span class='ocrx_word' id='word_1_217' title='bbox 1157 1246 1199 1285; x_wconf 92' lang='lat' dir='ltr'><strong>in</strong></span> <span class='ocrx_word' id='word_1_218' title='bbox 1225 1256 1273 1285; x_wconf 92' lang='lat' dir='ltr'><strong>eo</strong></span> <span class='ocrx_word' id='word_1_219' title='bbox 1301 1244 1540 1285; x_wconf 88' lang='lat' dir='ltr'><strong>discutiendo</strong></span> <span class='ocrx_word' id='word_1_220' title='bbox 1568 1255 1727 1294; x_wconf 90' lang='lat' dir='ltr'><strong>operam</strong></span> <span class='ocrx_word' id='word_1_221' title='bbox 1752 1245 1937 1295; x_wconf 88' lang='lat' dir='ltr'><strong>posuisse,</strong></span> <span class='ocrx_word' id='word_1_222' title='bbox 1972 1247 2011 1284; x_wconf 91' lang='lat' dir='ltr'><strong>et</strong></span> <span class='ocrx_word' id='word_1_223' title='bbox 2044 1248 2205 1295; x_wconf 90' lang='lat' dir='ltr'><strong>propter</strong></span> <span class='ocrx_word' id='word_1_224' title='bbox 2237 1246 2334 1286; x_wconf 91' lang='lat' dir='ltr'><strong>illud</strong></span> <span class='ocrx_word' id='word_1_225' title='bbox 2361 1246 2420 1297; x_wconf 88' lang='lat' dir='ltr'><strong>ip-</strong></span> 
     </span>
     <span class='ocr_line' id='line_1_17' title="bbox 178 1305 2420 1360; baseline 0 -13"><span class='ocrx_word' id='word_1_226' title='bbox 178 1319 265 1348; x_wconf 92' lang='lat' dir='ltr'><strong>sum</strong></span> <span class='ocrx_word' id='word_1_227' title='bbox 295 1305 529 1359; x_wconf 89' lang='lat' dir='ltr'><strong>reipublicae</strong></span> <span class='ocrx_word' id='word_1_228' title='bbox 562 1310 764 1349; x_wconf 90' lang='lat' dir='ltr'><strong>imminens</strong></span> <span class='ocrx_word' id='word_1_229' title='bbox 795 1308 1009 1360; x_wconf 89' lang='lat' dir='ltr'><strong>periculum</strong></span> <span class='ocrx_word' id='word_1_230' title='bbox 1041 1319 1083 1348; x_wconf 92' lang='lat' dir='ltr'><strong>se</strong></span> <span class='ocrx_word' id='word_1_231' title='bbox 1116 1307 1321 1347; x_wconf 85' lang='lat' dir='ltr'><strong>defendere</strong></span> <span class='ocrx_word' id='word_1_232' title='bbox 1349 1318 1507 1347; x_wconf 91' lang='lat' dir='ltr'><strong>causam</strong></span> <span class='ocrx_word' id='word_1_233' title='bbox 1531 1305 1721 1346; x_wconf 84' lang='lat' dir='ltr'><strong>Murenae</strong></span> <span class='ocrx_word' id='word_1_234' title='bbox 1747 1309 1864 1356; x_wconf 85' lang='lat' dir='ltr'><strong>atque</strong></span> <span class='ocrx_word' id='word_1_235' title='bbox 1892 1307 2007 1346; x_wconf 89' lang='lat' dir='ltr'><strong>etiam</strong></span> <span class='ocrx_word' id='word_1_236' title='bbox 2034 1306 2187 1347; x_wconf 81' lang='lat' dir='ltr'><strong>Catonis</strong></span> <span class='ocrx_word' id='word_1_237' title='bbox 2214 1318 2311 1356; x_wconf 89' lang='lat' dir='ltr'><strong>esse,</strong></span> <span class='ocrx_word' id='word_1_238' title='bbox 2345 1319 2420 1359; x_wconf 88' lang='lat' dir='ltr'><strong>pro</strong></span> 
     </span>
     <span class='ocr_line' id='line_1_18' title="bbox 178 1368 2420 1421; baseline 0 -12"><span class='ocrx_word' id='word_1_239' title='bbox 178 1371 273 1409; x_wconf 84' lang='lat' dir='ltr'><strong>virili</strong></span> <span class='ocrx_word' id='word_1_240' title='bbox 299 1374 411 1421; x_wconf 89' lang='lat' dir='ltr'><strong>parte</strong></span> <span class='ocrx_word' id='word_1_241' title='bbox 436 1382 508 1410; x_wconf 87' lang='lat' dir='ltr'><strong>sua</strong></span> <span class='ocrx_word' id='word_1_242' title='bbox 534 1372 753 1420; x_wconf 89' lang='lat' dir='ltr'><strong>elaborare,</strong></span> <span class='ocrx_word' id='word_1_243' title='bbox 793 1373 839 1410; x_wconf 89' lang='lat' dir='ltr'><strong>ut</strong></span> <span class='ocrx_word' id='word_1_244' title='bbox 863 1370 1040 1418; x_wconf 85' lang='lat' dir='ltr'><strong>Murena,</strong></span> <span class='ocrx_word' id='word_1_245' title='bbox 1077 1370 1297 1421; x_wconf 87' lang='lat' dir='ltr'><strong>designatus</strong></span> <span class='ocrx_word' id='word_1_246' title='bbox 1325 1370 1471 1417; x_wconf 89' lang='lat' dir='ltr'><strong>consul,</strong></span> <span class='ocrx_word' id='word_1_247' title='bbox 1508 1368 1710 1408; x_wconf 89' lang='lat' dir='ltr'><strong>incolumis</strong></span> <span class='ocrx_word' id='word_1_248' title='bbox 1738 1372 1925 1415; x_wconf 89' lang='lat' dir='ltr'><strong>servetur;</strong></span> <span class='ocrx_word' id='word_1_249' title='bbox 1960 1370 2113 1409; x_wconf 89' lang='lat' dir='ltr'><strong>consilia</strong></span> <span class='ocrx_word' id='word_1_250' title='bbox 2140 1371 2242 1410; x_wconf 90' lang='lat' dir='ltr'><strong>enim</strong></span> <span class='ocrx_word' id='word_1_251' title='bbox 2268 1370 2420 1410; x_wconf 85' lang='lat' dir='ltr'><strong>nefaria</strong></span> 
     </span>
     <span class='ocr_line' id='line_1_19' title="bbox 180 1432 2419 1485; baseline 0 -13"><span class='ocrx_word' id='word_1_252' title='bbox 180 1432 364 1473; x_wconf 87' lang='lat' dir='ltr'><strong>Catilinae</strong></span> <span class='ocrx_word' id='word_1_253' title='bbox 388 1434 494 1473; x_wconf 92' lang='lat' dir='ltr'><strong>nullo</strong></span> <span class='ocrx_word' id='word_1_254' title='bbox 520 1434 596 1473; x_wconf 92' lang='lat' dir='ltr'><strong>alio</strong></span> <span class='ocrx_word' id='word_1_255' title='bbox 622 1434 738 1472; x_wconf 91' lang='lat' dir='ltr'><strong>modo</strong></span> <span class='ocrx_word' id='word_1_256' title='bbox 765 1434 874 1473; x_wconf 88' lang='lat' dir='ltr'><strong>irrita</strong></span> <span class='ocrx_word' id='word_1_257' title='bbox 898 1435 983 1473; x_wconf 86' lang='lat' dir='ltr'><strong>fieri</strong></span> <span class='ocrx_word' id='word_1_258' title='bbox 1008 1444 1134 1485; x_wconf 90' lang='lat' dir='ltr'><strong>posse,</strong></span> <span class='ocrx_word' id='word_1_259' title='bbox 1162 1444 1280 1484; x_wconf 86' lang='lat' dir='ltr'><strong>quam</strong></span> <span class='ocrx_word' id='word_1_260' title='bbox 1305 1433 1338 1472; x_wconf 91' lang='lat' dir='ltr'><strong>si</strong></span> <span class='ocrx_word' id='word_1_261' title='bbox 1363 1432 1473 1471; x_wconf 85' lang='lat' dir='ltr'><strong>fortis</strong></span> <span class='ocrx_word' id='word_1_262' title='bbox 1497 1434 1615 1482; x_wconf 82' lang='lat' dir='ltr'><strong>atque</strong></span> <span class='ocrx_word' id='word_1_263' title='bbox 1643 1432 1733 1471; x_wconf 87' lang='lat' dir='ltr'><strong>belli</strong></span> <span class='ocrx_word' id='word_1_264' title='bbox 1758 1432 1903 1482; x_wconf 87' lang='lat' dir='ltr'><strong>peritus</strong></span> <span class='ocrx_word' id='word_1_265' title='bbox 1930 1433 2081 1480; x_wconf 90' lang='lat' dir='ltr'><strong>consul,</strong></span> <span class='ocrx_word' id='word_1_266' title='bbox 2115 1434 2236 1483; x_wconf 89' lang='lat' dir='ltr'><strong>qualis</strong></span> <span class='ocrx_word' id='word_1_267' title='bbox 2263 1432 2419 1472; x_wconf 85' lang='lat' dir='ltr'><strong>futums</strong></span> 
     </span>
     <span class='ocr_line' id='line_1_20' title="bbox 180 1495 2419 1543; baseline -0 -7"><span class='ocrx_word' id='word_1_268' title='bbox 180 1497 229 1535; x_wconf 90' lang='lat' dir='ltr'><strong>sit</strong></span> <span class='ocrx_word' id='word_1_269' title='bbox 252 1496 430 1543; x_wconf 81' lang='lat' dir='ltr'><strong>Murena,</strong></span> <span class='ocrx_word' id='word_1_270' title='bbox 458 1497 503 1535; x_wconf 91' lang='lat' dir='ltr'><strong>iis</strong></span> <span class='ocrx_word' id='word_1_271' title='bbox 531 1497 682 1535; x_wconf 86' lang='lat' dir='ltr'><strong>obviam</strong></span> <span class='ocrx_word' id='word_1_272' title='bbox 708 1498 791 1541; x_wconf 84' lang='lat' dir='ltr'><strong>eat;</strong></span> <span class='ocrx_word' id='word_1_273' title='bbox 820 1499 966 1542; x_wconf 87' lang='lat' dir='ltr'><strong>contra,</strong></span> <span class='ocrx_word' id='word_1_274' title='bbox 992 1497 1024 1535; x_wconf 93' lang='lat' dir='ltr'><strong>si</strong></span> <span class='ocrx_word' id='word_1_275' title='bbox 1049 1495 1114 1535; x_wconf 91' lang='lat' dir='ltr'><strong>hic</strong></span> <span class='ocrx_word' id='word_1_276' title='bbox 1140 1496 1401 1542; x_wconf 89' lang='lat' dir='ltr'><strong>damnaretur,</strong></span> <span class='ocrx_word' id='word_1_277' title='bbox 1427 1495 1523 1541; x_wconf 87' lang='lat' dir='ltr'><strong>fore,</strong></span> <span class='ocrx_word' id='word_1_278' title='bbox 1549 1497 1595 1533; x_wconf 88' lang='lat' dir='ltr'><strong>ut</strong></span> <span class='ocrx_word' id='word_1_279' title='bbox 1619 1496 1726 1534; x_wconf 89' lang='lat' dir='ltr'><strong>novis</strong></span> <span class='ocrx_word' id='word_1_280' title='bbox 1753 1495 1915 1534; x_wconf 91' lang='lat' dir='ltr'><strong>comitiis</strong></span> <span class='ocrx_word' id='word_1_281' title='bbox 1943 1495 2203 1535; x_wconf 89' lang='lat' dir='ltr'><strong>consularibus</strong></span> <span class='ocrx_word' id='word_1_282' title='bbox 2230 1495 2419 1535; x_wconf 85' lang='lat' dir='ltr'><strong>habendis</strong></span> 
     </span>
     <span class='ocr_line' id='line_1_21' title="bbox 179 1555 2419 1611; baseline -0.001 -11"><span class='ocrx_word' id='word_1_283' title='bbox 179 1558 397 1611; x_wconf 87' lang='lat' dir='ltr'><strong>respublica</strong></span> <span class='ocrx_word' id='word_1_284' title='bbox 422 1558 528 1599; x_wconf 86' lang='lat' dir='ltr'><strong>novis</strong></span> <span class='ocrx_word' id='word_1_285' title='bbox 554 1557 732 1610; x_wconf 87' lang='lat' dir='ltr'><strong>periculis</strong></span> <span class='ocrx_word' id='word_1_286' title='bbox 759 1558 1000 1610; x_wconf 85' lang='lat' dir='ltr'><strong>objiceretur.</strong></span> <span class='ocrx_word' id='word_1_287' title='bbox 1052 1557 1247 1605; x_wconf 86' lang='lat' dir='ltr'><strong>Admonet</strong></span> <span class='ocrx_word' id='word_1_288' title='bbox 1272 1559 1388 1610; x_wconf 89' lang='lat' dir='ltr'><strong>igitur</strong></span> <span class='ocrx_word' id='word_1_289' title='bbox 1408 1555 1543 1598; x_wconf 84' lang='lat' dir='ltr'><strong>Cicero</strong></span> <span class='ocrx_word' id='word_1_290' title='bbox 1565 1555 1764 1605; x_wconf 88' lang='lat' dir='ltr'><strong>Catonem,</strong></span> <span class='ocrx_word' id='word_1_291' title='bbox 1790 1558 1846 1605; x_wconf 89' lang='lat' dir='ltr'><strong>ut,</strong></span> <span class='ocrx_word' id='word_1_292' title='bbox 1874 1566 1994 1607; x_wconf 92' lang='lat' dir='ltr'><strong>quum</strong></span> <span class='ocrx_word' id='word_1_293' title='bbox 2018 1558 2193 1608; x_wconf 85' lang='lat' dir='ltr'><strong>proximo</strong></span> <span class='ocrx_word' id='word_1_294' title='bbox 2219 1568 2322 1598; x_wconf 91' lang='lat' dir='ltr'><strong>anno</strong></span> <span class='ocrx_word' id='word_1_295' title='bbox 2349 1556 2419 1598; x_wconf 87' lang='lat' dir='ltr'><strong>tri-</strong></span> 
     </span>
     <span class='ocr_line' id='line_1_22' title="bbox 181 1620 2419 1674; baseline -0.002 -12"><span class='ocrx_word' id='word_1_296' title='bbox 181 1623 309 1662; x_wconf 90' lang='lat' dir='ltr'><strong>bunus</strong></span> <span class='ocrx_word' id='word_1_297' title='bbox 333 1623 455 1674; x_wconf 92' lang='lat' dir='ltr'><strong>plebis</strong></span> <span class='ocrx_word' id='word_1_298' title='bbox 482 1622 633 1662; x_wconf 86' lang='lat' dir='ltr'><strong>futurus</strong></span> <span class='ocrx_word' id='word_1_299' title='bbox 656 1623 717 1670; x_wconf 90' lang='lat' dir='ltr'><strong>sit,</strong></span> <span class='ocrx_word' id='word_1_300' title='bbox 750 1633 823 1673; x_wconf 92' lang='lat' dir='ltr'><strong>pro</strong></span> <span class='ocrx_word' id='word_1_301' title='bbox 855 1622 992 1673; x_wconf 82' lang='lat' dir='ltr'><strong>insigni</strong></span> <span class='ocrx_word' id='word_1_302' title='bbox 1023 1632 1095 1661; x_wconf 90' lang='lat' dir='ltr'><strong>suo</strong></span> <span class='ocrx_word' id='word_1_303' title='bbox 1126 1622 1167 1661; x_wconf 89' lang='lat' dir='ltr'><strong>in</strong></span> <span class='ocrx_word' id='word_1_304' title='bbox 1197 1623 1363 1674; x_wconf 88' lang='lat' dir='ltr'><strong>patriam</strong></span> <span class='ocrx_word' id='word_1_305' title='bbox 1394 1632 1529 1662; x_wconf 89' lang='lat' dir='ltr'><strong>amore</strong></span> <span class='ocrx_word' id='word_1_306' title='bbox 1562 1632 1604 1661; x_wconf 91' lang='lat' dir='ltr'><strong>se</strong></span> <span class='ocrx_word' id='word_1_307' title='bbox 1636 1632 1726 1660; x_wconf 92' lang='lat' dir='ltr'><strong>cum</strong></span> <span class='ocrx_word' id='word_1_308' title='bbox 1750 1621 1916 1660; x_wconf 89' lang='lat' dir='ltr'><strong>Murena</strong></span> <span class='ocrx_word' id='word_1_309' title='bbox 1950 1621 2105 1660; x_wconf 89' lang='lat' dir='ltr'><strong>consule</strong></span> <span class='ocrx_word' id='word_1_310' title='bbox 2137 1622 2343 1673; x_wconf 76' lang='lat' dir='ltr'><strong>coniungat</strong></span> <span class='ocrx_word' id='word_1_311' title='bbox 2368 1620 2419 1659; x_wconf 89' lang='lat' dir='ltr'><strong>ad</strong></span> 
     </span>
     <span class='ocr_line' id='line_1_23' title="bbox 181 1685 1179 1736; baseline -0.001 -11"><span class='ocrx_word' id='word_1_312' title='bbox 181 1686 460 1736; x_wconf 87' lang='lat' dir='ltr'><strong>rempublicam</strong></span> <span class='ocrx_word' id='word_1_313' title='bbox 483 1686 677 1725; x_wconf 88' lang='lat' dir='ltr'><strong>communi</strong></span> <span class='ocrx_word' id='word_1_314' title='bbox 706 1685 862 1724; x_wconf 88' lang='lat' dir='ltr'><strong>consilio</strong></span> <span class='ocrx_word' id='word_1_315' title='bbox 889 1685 1179 1725; x_wconf 82' lang='lat' dir='ltr'><strong>defendendam.</strong></span> 
     </span>
    </p>

    <p class='ocr_par' dir='ltr' id='par_1_2' title="bbox 183 1743 2421 1922">
     <span class='ocr_line' id='line_1_24' title="bbox 367 1743 2421 1798; baseline -0.001 -11"><span class='ocrx_word' id='word_1_316' title='bbox 367 1747 461 1787; x_wconf 89' lang='lat' dir='ltr'><strong>Inde</strong></span> <span class='ocrx_word' id='word_1_317' title='bbox 487 1758 512 1787; x_wconf 88' lang='lat' dir='ltr'><strong>a</strong></span> <span class='ocrx_word' id='word_1_318' title='bbox 538 1747 661 1798; x_wconf 87' lang='lat' dir='ltr'><strong>capite</strong></span> <span class='ocrx_word' id='word_1_319' title='bbox 686 1747 880 1786; x_wconf 88' lang='lat' dir='ltr'><strong>tricesimo</strong></span> <span class='ocrx_word' id='word_1_320' title='bbox 907 1758 1012 1787; x_wconf 92' lang='lat' dir='ltr'><strong>nono</strong></span> <span class='ocrx_word' id='word_1_321' title='bbox 1038 1757 1162 1797; x_wconf 78' lang='lat' dir='ltr'><strong>usque</strong></span> <span class='ocrx_word' id='word_1_322' title='bbox 1187 1747 1238 1787; x_wconf 90' lang='lat' dir='ltr'><strong>ad</strong></span> <span class='ocrx_word' id='word_1_323' title='bbox 1263 1747 1381 1788; x_wconf 89' lang='lat' dir='ltr'><strong>finem</strong></span> <span class='ocrx_word' id='word_1_324' title='bbox 1407 1747 1581 1798; x_wconf 89' lang='lat' dir='ltr'><strong>sequitur</strong></span> <span class='ocrx_word' id='word_1_325' title='bbox 1607 1744 1815 1798; x_wconf 85' lang='lat' dir='ltr'><strong>peroratio,</strong></span> <span class='ocrx_word' id='word_1_326' title='bbox 1842 1743 1882 1782; x_wconf 90' lang='lat' dir='ltr'><strong>in</strong></span> <span class='ocrx_word' id='word_1_327' title='bbox 1901 1754 1979 1794; x_wconf 91' lang='lat' dir='ltr'><strong>qua</strong></span> <span class='ocrx_word' id='word_1_328' title='bbox 1999 1743 2132 1786; x_wconf 92' lang='lat' dir='ltr'><strong>Cicero</strong></span> <span class='ocrx_word' id='word_1_329' title='bbox 2149 1745 2294 1798; x_wconf 79' lang='lat' dir='ltr'><strong>iudices</strong></span> <span class='ocrx_word' id='word_1_330' title='bbox 2321 1746 2421 1790; x_wconf 88' lang='lat' dir='ltr'><strong>orat,</strong></span> 
     </span>
     <span class='ocr_line' id='line_1_25' title="bbox 183 1807 2420 1861; baseline -0.001 -11"><span class='ocrx_word' id='word_1_331' title='bbox 183 1814 228 1850; x_wconf 90' lang='lat' dir='ltr'><strong>ut</strong></span> <span class='ocrx_word' id='word_1_332' title='bbox 246 1811 452 1851; x_wconf 88' lang='lat' dir='ltr'><strong>Murenam</strong></span> <span class='ocrx_word' id='word_1_333' title='bbox 478 1811 709 1849; x_wconf 91' lang='lat' dir='ltr'><strong>incolumem</strong></span> <span class='ocrx_word' id='word_1_334' title='bbox 735 1813 887 1849; x_wconf 89' lang='lat' dir='ltr'><strong>servent</strong></span> <span class='ocrx_word' id='word_1_335' title='bbox 910 1812 1071 1861; x_wconf 89' lang='lat' dir='ltr'><strong>propter</strong></span> <span class='ocrx_word' id='word_1_336' title='bbox 1095 1811 1328 1861; x_wconf 89' lang='lat' dir='ltr'><strong>reipublicae</strong></span> <span class='ocrx_word' id='word_1_337' title='bbox 1354 1811 1530 1859; x_wconf 88' lang='lat' dir='ltr'><strong>salutem,</strong></span> <span class='ocrx_word' id='word_1_338' title='bbox 1557 1809 1657 1861; x_wconf 81' lang='lat' dir='ltr'><strong>qua&#39;e</strong></span> <span class='ocrx_word' id='word_1_339' title='bbox 1683 1807 1722 1846; x_wconf 90' lang='lat' dir='ltr'><strong>id</strong></span> <span class='ocrx_word' id='word_1_340' title='bbox 1748 1807 1926 1857; x_wconf 87' lang='lat' dir='ltr'><strong>postulet,</strong></span> <span class='ocrx_word' id='word_1_341' title='bbox 1954 1810 1993 1847; x_wconf 91' lang='lat' dir='ltr'><strong>et</strong></span> <span class='ocrx_word' id='word_1_342' title='bbox 2017 1813 2175 1861; x_wconf 90' lang='lat' dir='ltr'><strong>propter</strong></span> <span class='ocrx_word' id='word_1_343' title='bbox 2199 1810 2316 1861; x_wconf 90' lang='lat' dir='ltr'><strong>ipsius</strong></span> <span class='ocrx_word' id='word_1_344' title='bbox 2330 1807 2420 1848; x_wconf 76' lang='lat' dir='ltr'><strong>Mu-</strong></span> 
     </span>
     <span class='ocr_line' id='line_1_26' title="bbox 184 1872 1368 1922; baseline -0.002 -7"><span class='ocrx_word' id='word_1_345' title='bbox 184 1885 314 1922; x_wconf 90' lang='lat' dir='ltr'><strong>renae,</strong></span> <span class='ocrx_word' id='word_1_346' title='bbox 344 1873 640 1913; x_wconf 84' lang='lat' dir='ltr'><strong>innocentissimi</strong></span> <span class='ocrx_word' id='word_1_347' title='bbox 667 1872 843 1920; x_wconf 90' lang='lat' dir='ltr'><strong>hominis,</strong></span> <span class='ocrx_word' id='word_1_348' title='bbox 870 1872 1182 1913; x_wconf 83' lang='lat' dir='ltr'><strong>misericordiam.</strong></span> <span class='ocrx_word' id='word_1_349' title='bbox 1366 1879 1368 1881; x_wconf 65' lang='grc'><strong>“</strong></span> 
     </span>
    </p>
   </div>
   <div class='ocr_carea' id='block_1_2' title="bbox 185 1932 2420 2049">
    <p class='ocr_par' dir='ltr' id='par_1_3' title="bbox 185 1932 2420 2049">
     <span class='ocr_line' id='line_1_27' title="bbox 369 1932 2420 1987; baseline -0.001 -12"><span class='ocrx_word' id='word_1_350' title='bbox 369 1935 483 1975; x_wconf 90' lang='lat' dir='ltr'><strong>Nunc</strong></span> <span class='ocrx_word' id='word_1_351' title='bbox 515 1936 687 1975; x_wconf 89' lang='lat' dir='ltr'><strong>transibo</strong></span> <span class='ocrx_word' id='word_1_352' title='bbox 724 1936 774 1975; x_wconf 92' lang='lat' dir='ltr'><strong>ad</strong></span> <span class='ocrx_word' id='word_1_353' title='bbox 804 1946 869 1975; x_wconf 89' lang='lat' dir='ltr'><strong>eas</strong></span> <span class='ocrx_word' id='word_1_354' title='bbox 900 1935 1229 1986; x_wconf 80' lang='lat' dir='ltr'><strong>reprehensioneS,</strong></span> <span class='ocrx_word' id='word_1_355' title='bbox 1265 1946 1361 1987; x_wconf 90' lang='lat' dir='ltr'><strong>quas</strong></span> <span class='ocrx_word' id='word_1_356' title='bbox 1389 1935 1525 1976; x_wconf 92' lang='lat' dir='ltr'><strong>Cicero</strong></span> <span class='ocrx_word' id='word_1_357' title='bbox 1553 1935 1593 1973; x_wconf 91' lang='lat' dir='ltr'><strong>in</strong></span> <span class='ocrx_word' id='word_1_358' title='bbox 1619 1934 1694 1973; x_wconf 89' lang='lat' dir='ltr'><strong>hac</strong></span> <span class='ocrx_word' id='word_1_359' title='bbox 1720 1933 1893 1972; x_wconf 88' lang='lat' dir='ltr'><strong>oratione</strong></span> <span class='ocrx_word' id='word_1_360' title='bbox 1920 1933 1960 1972; x_wconf 93' lang='lat' dir='ltr'><strong>in</strong></span> <span class='ocrx_word' id='word_1_361' title='bbox 1990 1932 2139 1974; x_wconf 86' lang='lat' dir='ltr'><strong>Stoicos</strong></span> <span class='ocrx_word' id='word_1_362' title='bbox 2166 1937 2282 1984; x_wconf 81' lang='lat' dir='ltr'><strong>atque</strong></span> <span class='ocrx_word' id='word_1_363' title='bbox 2308 1932 2420 1974; x_wconf 88' lang='lat' dir='ltr'><strong>Cato·</strong></span> 
     </span>
     <span class='ocr_line' id='line_1_28' title="bbox 185 1998 472 2049; baseline -0.007 -11"><span class='ocrx_word' id='word_1_364' title='bbox 185 2010 275 2038; x_wconf 92' lang='lat' dir='ltr'><strong>nem</strong></span> <span class='ocrx_word' id='word_1_365' title='bbox 301 1998 472 2049; x_wconf 80' lang='lat' dir='ltr'><strong>conjecit.</strong></span> 
     </span>
    </p>
   </div>
   <div class='ocr_carea' id='block_1_3' title="bbox 197 2171 2422 2230">
    <p class='ocr_par' dir='ltr' id='par_1_4' title="bbox 197 2171 2422 2230">
     <span class='ocr_line' id='line_1_29' title="bbox 197 2171 2422 2230; baseline -0.005 -11"><span class='ocrx_word' id='word_1_366' title='bbox 197 2177 325 2230; x_wconf 75' lang='lat' dir='ltr'><strong>Gap.</strong></span> <span class='ocrx_word' id='word_1_367' title='bbox 353 2173 442 2217; x_wconf 87' lang='lat'><strong>11.</strong></span> <span class='ocrx_word' id='word_1_368' title='bbox 494 2172 858 2229; x_wconf 55' lang='lat' dir='ltr'><strong>Reprehendones</strong></span> <span class='ocrx_word' id='word_1_369' title='bbox 883 2185 913 2216; x_wconf 83' lang='lat' dir='ltr'><strong>a</strong></span> <span class='ocrx_word' id='word_1_370' title='bbox 937 2171 1140 2216; x_wconf 78' lang='lat' dir='ltr'><strong>Cicerone</strong></span> <span class='ocrx_word' id='word_1_371' title='bbox 1165 2173 1212 2215; x_wconf 80' lang='lat' dir='ltr'><strong>in</strong></span> <span class='ocrx_word' id='word_1_372' title='bbox 1235 2172 1318 2215; x_wconf 76' lang='lat' dir='ltr'><strong>hac</strong></span> <span class='ocrx_word' id='word_1_373' title='bbox 1343 2173 1536 2215; x_wconf 80' lang='lat' dir='ltr'><strong>oratioue</strong></span> <span class='ocrx_word' id='word_1_374' title='bbox 1558 2173 1606 2215; x_wconf 80' lang='lat' dir='ltr'><strong>in</strong></span> <span class='ocrx_word' id='word_1_375' title='bbox 1630 2171 1801 2217; x_wconf 70' lang='lat' dir='ltr'><strong>Stoicos</strong></span> <span class='ocrx_word' id='word_1_376' title='bbox 1827 2176 1955 2229; x_wconf 84' lang='lat' dir='ltr'><strong>atque</strong></span> <span class='ocrx_word' id='word_1_377' title='bbox 1976 2171 2176 2217; x_wconf 82' lang='lat' dir='ltr'><strong>catonem</strong></span> <span class='ocrx_word' id='word_1_378' title='bbox 2200 2171 2422 2222; x_wconf 79' lang='lat' dir='ltr'><strong>conjectae.</strong></span> 
     </span>
    </p>
   </div>
   <div class='ocr_carea' id='block_1_4' title="bbox 189 2267 2434 3024">
    <p class='ocr_par' dir='ltr' id='par_1_5' title="bbox 189 2267 2434 2769">
     <span class='ocr_line' id='line_1_30' title="bbox 376 2267 2424 2324; baseline -0.004 -10"><span class='ocrx_word' id='word_1_379' title='bbox 376 2273 469 2314; x_wconf 89' lang='lat' dir='ltr'><strong>Cato</strong></span> <span class='ocrx_word' id='word_1_380' title='bbox 496 2274 537 2312; x_wconf 92' lang='lat' dir='ltr'><strong>in</strong></span> <span class='ocrx_word' id='word_1_381' title='bbox 563 2273 809 2313; x_wconf 88' lang='lat' dir='ltr'><strong>accusatione</strong></span> <span class='ocrx_word' id='word_1_382' title='bbox 833 2273 1022 2314; x_wconf 86' lang='lat' dir='ltr'><strong>Murenae</strong></span> <span class='ocrx_word' id='word_1_383' title='bbox 1049 2272 1209 2320; x_wconf 89' lang='lat' dir='ltr'><strong>dixerat,</strong></span> <span class='ocrx_word' id='word_1_384' title='bbox 1236 2271 1460 2312; x_wconf 90' lang='lat' dir='ltr'><strong>Ciceronem</strong></span> <span class='ocrx_word' id='word_1_385' title='bbox 1484 2283 1565 2312; x_wconf 94' lang='lat' dir='ltr'><strong>non</strong></span> <span class='ocrx_word' id='word_1_386' title='bbox 1592 2274 1700 2312; x_wconf 87' lang='lat' dir='ltr'><strong>recte</strong></span> <span class='ocrx_word' id='word_1_387' title='bbox 1724 2272 1874 2321; x_wconf 85' lang='lat' dir='ltr'><strong>fecisse,</strong></span> <span class='ocrx_word' id='word_1_388' title='bbox 1909 2273 2014 2324; x_wconf 91' lang='lat' dir='ltr'><strong>quod</strong></span> <span class='ocrx_word' id='word_1_389' title='bbox 2039 2273 2119 2323; x_wconf 89' lang='lat' dir='ltr'><strong>ipse</strong></span> <span class='ocrx_word' id='word_1_390' title='bbox 2146 2268 2280 2309; x_wconf 87' lang='lat' dir='ltr'><strong>consul</strong></span> <span class='ocrx_word' id='word_1_391' title='bbox 2306 2270 2345 2307; x_wconf 90' lang='lat' dir='ltr'><strong>et</strong></span> <span class='ocrx_word' id='word_1_392' title='bbox 2370 2267 2424 2305; x_wconf 89' lang='lat' dir='ltr'><strong>le-</strong></span> 
     </span>
     <span class='ocr_line' id='line_1_31' title="bbox 189 2330 2424 2389; baseline -0.004 -11"><span class='ocrx_word' id='word_1_393' title='bbox 189 2339 246 2389; x_wconf 86' lang='lat' dir='ltr'><strong>gis</strong></span> <span class='ocrx_word' id='word_1_394' title='bbox 278 2338 325 2378; x_wconf 90' lang='lat' dir='ltr'><strong>de</strong></span> <span class='ocrx_word' id='word_1_395' title='bbox 356 2338 503 2378; x_wconf 90' lang='lat' dir='ltr'><strong>ambitu</strong></span> <span class='ocrx_word' id='word_1_396' title='bbox 529 2337 629 2377; x_wconf 88' lang='lat' dir='ltr'><strong>lator</strong></span> <span class='ocrx_word' id='word_1_397' title='bbox 661 2339 700 2376; x_wconf 90' lang='lat' dir='ltr'><strong>et</strong></span> <span class='ocrx_word' id='word_1_398' title='bbox 733 2339 815 2377; x_wconf 89' lang='lat' dir='ltr'><strong>tam</strong></span> <span class='ocrx_word' id='word_1_399' title='bbox 842 2347 972 2377; x_wconf 87' lang='lat' dir='ltr'><strong>severe</strong></span> <span class='ocrx_word' id='word_1_400' title='bbox 997 2338 1105 2387; x_wconf 87' lang='lat' dir='ltr'><strong>gesto</strong></span> <span class='ocrx_word' id='word_1_401' title='bbox 1132 2336 1333 2376; x_wconf 88' lang='lat' dir='ltr'><strong>consulatu</strong></span> <span class='ocrx_word' id='word_1_402' title='bbox 1360 2347 1518 2376; x_wconf 87' lang='lat' dir='ltr'><strong>causam</strong></span> <span class='ocrx_word' id='word_1_403' title='bbox 1544 2336 1588 2376; x_wconf 92' lang='lat' dir='ltr'><strong>L.</strong></span> <span class='ocrx_word' id='word_1_404' title='bbox 1614 2336 1806 2376; x_wconf 88' lang='lat' dir='ltr'><strong>Murenae</strong></span> <span class='ocrx_word' id='word_1_405' title='bbox 1832 2337 1998 2377; x_wconf 86' lang='lat' dir='ltr'><strong>ambitus</strong></span> <span class='ocrx_word' id='word_1_406' title='bbox 2025 2333 2192 2376; x_wconf 87' lang='lat' dir='ltr'><strong>accusati</strong></span> <span class='ocrx_word' id='word_1_407' title='bbox 2219 2330 2424 2372; x_wconf 87' lang='lat' dir='ltr'><strong>defenden-</strong></span> 
     </span>
     <span class='ocr_line' id='line_1_32' title="bbox 189 2396 2425 2452; baseline -0.004 -10"><span class='ocrx_word' id='word_1_408' title='bbox 189 2402 280 2442; x_wconf 89' lang='lat' dir='ltr'><strong>dam</strong></span> <span class='ocrx_word' id='word_1_409' title='bbox 306 2402 543 2452; x_wconf 86' lang='lat' dir='ltr'><strong>suscepisset.</strong></span> <span class='ocrx_word' id='word_1_410' title='bbox 594 2399 816 2451; x_wconf 87' lang='lat' dir='ltr'><strong>Respondet</strong></span> <span class='ocrx_word' id='word_1_411' title='bbox 842 2399 987 2446; x_wconf 81' lang='lat' dir='ltr'><strong>Cicero,</strong></span> <span class='ocrx_word' id='word_1_412' title='bbox 1014 2410 1055 2439; x_wconf 89' lang='lat' dir='ltr'><strong>se</strong></span> <span class='ocrx_word' id='word_1_413' title='bbox 1080 2402 1187 2439; x_wconf 88' lang='lat' dir='ltr'><strong>recte</strong></span> <span class='ocrx_word' id='word_1_414' title='bbox 1212 2399 1365 2447; x_wconf 77' lang='lat' dir='ltr'><strong>fecisse:</strong></span> <span class='ocrx_word' id='word_1_415' title='bbox 1400 2411 1493 2440; x_wconf 90' lang='lat' dir='ltr'><strong>nam</strong></span> <span class='ocrx_word' id='word_1_416' title='bbox 1520 2399 1578 2439; x_wconf 87' lang='lat' dir='ltr'><strong>fas</strong></span> <span class='ocrx_word' id='word_1_417' title='bbox 1602 2401 1731 2451; x_wconf 88' lang='lat' dir='ltr'><strong>potius</strong></span> <span class='ocrx_word' id='word_1_418' title='bbox 1758 2412 1863 2449; x_wconf 90' lang='lat' dir='ltr'><strong>esse,</strong></span> <span class='ocrx_word' id='word_1_419' title='bbox 1898 2400 2093 2440; x_wconf 88' lang='lat' dir='ltr'><strong>consulem</strong></span> <span class='ocrx_word' id='word_1_420' title='bbox 2120 2398 2360 2448; x_wconf 87' lang='lat' dir='ltr'><strong>designatum</strong></span> <span class='ocrx_word' id='word_1_421' title='bbox 2386 2396 2425 2434; x_wconf 85' lang='lat' dir='ltr'><strong>et</strong></span> 
     </span>
     <span class='ocr_line' id='line_1_33' title="bbox 190 2458 2423 2515; baseline -0.004 -11"><span class='ocrx_word' id='word_1_422' title='bbox 190 2466 443 2513; x_wconf 88' lang='lat' dir='ltr'><strong>innocentem,</strong></span> <span class='ocrx_word' id='word_1_423' title='bbox 468 2465 508 2504; x_wconf 92' lang='lat' dir='ltr'><strong>in</strong></span> <span class='ocrx_word' id='word_1_424' title='bbox 529 2465 592 2514; x_wconf 87' lang='lat' dir='ltr'><strong>jus</strong></span> <span class='ocrx_word' id='word_1_425' title='bbox 617 2465 809 2510; x_wconf 84' lang='lat' dir='ltr'><strong>vocatum,</strong></span> <span class='ocrx_word' id='word_1_426' title='bbox 835 2473 860 2502; x_wconf 92' lang='lat' dir='ltr'><strong>a</strong></span> <span class='ocrx_word' id='word_1_427' title='bbox 888 2462 1044 2503; x_wconf 89' lang='lat' dir='ltr'><strong>consule</strong></span> <span class='ocrx_word' id='word_1_428' title='bbox 1069 2463 1311 2513; x_wconf 86' lang='lat' dir='ltr'><strong>potissimum</strong></span> <span class='ocrx_word' id='word_1_429' title='bbox 1337 2462 1511 2509; x_wconf 87' lang='lat' dir='ltr'><strong>defendi;</strong></span> <span class='ocrx_word' id='word_1_430' title='bbox 1538 2462 1615 2503; x_wconf 94' lang='lat' dir='ltr'><strong>hoc</strong></span> <span class='ocrx_word' id='word_1_431' title='bbox 1640 2464 1839 2514; x_wconf 88' lang='lat' dir='ltr'><strong>postulare</strong></span> <span class='ocrx_word' id='word_1_432' title='bbox 1865 2464 2086 2515; x_wconf 85' lang='lat' dir='ltr'><strong>dignitatem</strong></span> <span class='ocrx_word' id='word_1_433' title='bbox 2112 2465 2152 2502; x_wconf 90' lang='lat' dir='ltr'><strong>et</strong></span> <span class='ocrx_word' id='word_1_434' title='bbox 2178 2458 2423 2500; x_wconf 87' lang='lat' dir='ltr'><strong>commodum</strong></span> 
     </span>
     <span class='ocr_line' id='line_1_34' title="bbox 190 2520 2426 2580; baseline -0.004 -12"><span class='ocrx_word' id='word_1_435' title='bbox 190 2527 444 2580; x_wconf 86' lang='lat' dir='ltr'><strong>reipublicae;</strong></span> <span class='ocrx_word' id='word_1_436' title='bbox 468 2527 604 2568; x_wconf 90' lang='lat' dir='ltr'><strong>deinde</strong></span> <span class='ocrx_word' id='word_1_437' title='bbox 630 2528 662 2567; x_wconf 91' lang='lat' dir='ltr'><strong>si</strong></span> <span class='ocrx_word' id='word_1_438' title='bbox 688 2528 729 2567; x_wconf 92' lang='lat' dir='ltr'><strong>in</strong></span> <span class='ocrx_word' id='word_1_439' title='bbox 753 2526 1014 2578; x_wconf 84' lang='lat' dir='ltr'><strong>impugnando</strong></span> <span class='ocrx_word' id='word_1_440' title='bbox 1041 2524 1212 2574; x_wconf 80' lang='lat' dir='ltr'><strong>Catilina,</strong></span> <span class='ocrx_word' id='word_1_441' title='bbox 1240 2526 1474 2577; x_wconf 87' lang='lat' dir='ltr'><strong>reipublicae</strong></span> <span class='ocrx_word' id='word_1_442' title='bbox 1499 2526 1624 2575; x_wconf 89' lang='lat' dir='ltr'><strong>hoste,</strong></span> <span class='ocrx_word' id='word_1_443' title='bbox 1650 2528 1860 2578; x_wconf 84' lang='lat' dir='ltr'><strong>perniciem</strong></span> <span class='ocrx_word' id='word_1_444' title='bbox 1887 2528 1922 2568; x_wconf 91' lang='lat' dir='ltr'><strong>ei</strong></span> <span class='ocrx_word' id='word_1_445' title='bbox 1948 2526 2129 2573; x_wconf 88' lang='lat' dir='ltr'><strong>molienti,</strong></span> <span class='ocrx_word' id='word_1_446' title='bbox 2154 2534 2307 2564; x_wconf 90' lang='lat' dir='ltr'><strong>severus</strong></span> <span class='ocrx_word' id='word_1_447' title='bbox 2332 2520 2426 2560; x_wconf 84' lang='lat' dir='ltr'><strong>fuis·</strong></span> 
     </span>
     <span class='ocr_line' id='line_1_35' title="bbox 193 2578 2434 2642; baseline -0.005 -9"><span class='ocrx_word' id='word_1_448' title='bbox 193 2595 263 2640; x_wconf 89' lang='lat' dir='ltr'><strong>set,</strong></span> <span class='ocrx_word' id='word_1_449' title='bbox 297 2592 336 2632; x_wconf 92' lang='lat' dir='ltr'><strong>id</strong></span> <span class='ocrx_word' id='word_1_450' title='bbox 362 2591 452 2631; x_wconf 90' lang='lat' dir='ltr'><strong>nihil</strong></span> <span class='ocrx_word' id='word_1_451' title='bbox 478 2591 676 2642; x_wconf 88' lang='lat' dir='ltr'><strong>impedire,</strong></span> <span class='ocrx_word' id='word_1_452' title='bbox 712 2591 919 2641; x_wconf 90' lang='lat' dir='ltr'><strong>quominus</strong></span> <span class='ocrx_word' id='word_1_453' title='bbox 945 2590 1209 2629; x_wconf 88' lang='lat' dir='ltr'><strong>innocentibus</strong></span> <span class='ocrx_word' id='word_1_454' title='bbox 1234 2590 1376 2629; x_wconf 89' lang='lat' dir='ltr'><strong>civibus</strong></span> <span class='ocrx_word' id='word_1_455' title='bbox 1402 2589 1618 2630; x_wconf 89' lang='lat' dir='ltr'><strong>humanum</strong></span> <span class='ocrx_word' id='word_1_456' title='bbox 1645 2602 1688 2630; x_wconf 91' lang='lat' dir='ltr'><strong>se</strong></span> <span class='ocrx_word' id='word_1_457' title='bbox 1715 2595 1754 2631; x_wconf 91' lang='lat' dir='ltr'><strong>et</strong></span> <span class='ocrx_word' id='word_1_458' title='bbox 1780 2592 2006 2631; x_wconf 87' lang='lat' dir='ltr'><strong>benevolum</strong></span> <span class='ocrx_word' id='word_1_459' title='bbox 2032 2589 2233 2640; x_wconf 74' lang='lat' dir='ltr'><strong>praebeat:</strong></span> <span class='ocrx_word' id='word_1_460' title='bbox 2275 2578 2434 2629; x_wconf 78' lang='lat' dir='ltr'><strong>contra,&#39;</strong></span> 
     </span>
     <span class='ocr_line' id='line_1_36' title="bbox 192 2652 2425 2705; baseline -0.003 -9"><span class='ocrx_word' id='word_1_461' title='bbox 192 2667 272 2697; x_wconf 90' lang='lat' dir='ltr'><strong>non</strong></span> <span class='ocrx_word' id='word_1_462' title='bbox 297 2655 421 2695; x_wconf 92' lang='lat' dir='ltr'><strong>solum</strong></span> <span class='ocrx_word' id='word_1_463' title='bbox 445 2655 572 2705; x_wconf 81' lang='lat' dir='ltr'><strong>officio</strong></span> <span class='ocrx_word' id='word_1_464' title='bbox 597 2665 639 2694; x_wconf 90' lang='lat' dir='ltr'><strong>se</strong></span> <span class='ocrx_word' id='word_1_465' title='bbox 665 2654 807 2704; x_wconf 90' lang='lat' dir='ltr'><strong>impelli</strong></span> <span class='ocrx_word' id='word_1_466' title='bbox 832 2653 883 2693; x_wconf 92' lang='lat' dir='ltr'><strong>ad</strong></span> <span class='ocrx_word' id='word_1_467' title='bbox 908 2653 1071 2693; x_wconf 87' lang='lat' dir='ltr'><strong>hominis</strong></span> <span class='ocrx_word' id='word_1_468' title='bbox 1097 2653 1209 2692; x_wconf 88' lang='lat' dir='ltr'><strong>amici</strong></span> <span class='ocrx_word' id='word_1_469' title='bbox 1236 2653 1400 2692; x_wconf 87' lang='lat' dir='ltr'><strong>salutem</strong></span> <span class='ocrx_word' id='word_1_470' title='bbox 1426 2652 1719 2700; x_wconf 83' lang='lat' dir='ltr'><strong>defendendam,</strong></span> <span class='ocrx_word' id='word_1_471' title='bbox 1745 2654 1814 2694; x_wconf 90' lang='lat' dir='ltr'><strong>sed</strong></span> <span class='ocrx_word' id='word_1_472' title='bbox 1837 2655 1952 2694; x_wconf 88' lang='lat' dir='ltr'><strong>etiam</strong></span> <span class='ocrx_word' id='word_1_473' title='bbox 1969 2655 2091 2705; x_wconf 91' lang='lat' dir='ltr'><strong>ipsam</strong></span> <span class='ocrx_word' id='word_1_474' title='bbox 2112 2653 2291 2691; x_wconf 86' lang='lat' dir='ltr'><strong>naturam</strong></span> <span class='ocrx_word' id='word_1_475' title='bbox 2312 2657 2425 2689; x_wconf 79' lang='lat' dir='ltr'><strong>suam</strong></span> 
     </span>
     <span class='ocr_line' id='line_1_37' title="bbox 194 2716 1988 2769; baseline -0.002 -10"><span class='ocrx_word' id='word_1_476' title='bbox 194 2732 237 2760; x_wconf 90' lang='lat' dir='ltr'><strong>se</strong></span> <span class='ocrx_word' id='word_1_477' title='bbox 262 2719 333 2759; x_wconf 88' lang='lat' dir='ltr'><strong>hos</strong></span> <span class='ocrx_word' id='word_1_478' title='bbox 358 2719 520 2759; x_wconf 88' lang='lat' dir='ltr'><strong>lenitatis</strong></span> <span class='ocrx_word' id='word_1_479' title='bbox 547 2720 665 2769; x_wconf 88' lang='lat' dir='ltr'><strong>atque</strong></span> <span class='ocrx_word' id='word_1_480' title='bbox 690 2716 973 2757; x_wconf 89' lang='lat' dir='ltr'><strong>misericordiae</strong></span> <span class='ocrx_word' id='word_1_481' title='bbox 997 2718 1126 2767; x_wconf 90' lang='lat' dir='ltr'><strong>partes</strong></span> <span class='ocrx_word' id='word_1_482' title='bbox 1152 2716 1339 2762; x_wconf 89' lang='lat' dir='ltr'><strong>docuisse,</strong></span> <span class='ocrx_word' id='word_1_483' title='bbox 1366 2726 1463 2765; x_wconf 88' lang='lat' dir='ltr'><strong>quas</strong></span> <span class='ocrx_word' id='word_1_484' title='bbox 1491 2727 1644 2767; x_wconf 89' lang='lat' dir='ltr'><strong>semper</strong></span> <span class='ocrx_word' id='word_1_485' title='bbox 1669 2717 1831 2757; x_wconf 89' lang='lat' dir='ltr'><strong>libenter</strong></span> <span class='ocrx_word' id='word_1_486' title='bbox 1857 2717 1988 2768; x_wconf 87' lang='lat' dir='ltr'><strong>egerit.</strong></span> 
     </span>
    </p>

    <p class='ocr_par' dir='ltr' id='par_1_6' title="bbox 193 2776 2429 3024">
     <span class='ocr_line' id='line_1_38' title="bbox 379 2776 2427 2831; baseline -0.004 -9"><span class='ocrx_word' id='word_1_487' title='bbox 379 2781 526 2822; x_wconf 90' lang='lat' dir='ltr'><strong>Deinde</strong></span> <span class='ocrx_word' id='word_1_488' title='bbox 552 2782 668 2822; x_wconf 88' lang='lat' dir='ltr'><strong>etiam</strong></span> <span class='ocrx_word' id='word_1_489' title='bbox 690 2780 731 2821; x_wconf 88' lang='lat' dir='ltr'><strong>in</strong></span> <span class='ocrx_word' id='word_1_490' title='bbox 756 2779 962 2821; x_wconf 89' lang='lat' dir='ltr'><strong>refellendo</strong></span> <span class='ocrx_word' id='word_1_491' title='bbox 989 2778 1119 2819; x_wconf 88' lang='lat' dir='ltr'><strong>Servio</strong></span> <span class='ocrx_word' id='word_1_492' title='bbox 1146 2777 1313 2831; x_wconf 90' lang='lat' dir='ltr'><strong>Sulpicio</strong></span> <span class='ocrx_word' id='word_1_493' title='bbox 1339 2778 1519 2826; x_wconf 86' lang='lat' dir='ltr'><strong>affirmat,</strong></span> <span class='ocrx_word' id='word_1_494' title='bbox 1552 2791 1674 2830; x_wconf 90' lang='lat' dir='ltr'><strong>quum</strong></span> <span class='ocrx_word' id='word_1_495' title='bbox 1705 2780 1987 2820; x_wconf 81' lang='lat' dir='ltr'><strong>defensionibus</strong></span> <span class='ocrx_word' id='word_1_496' title='bbox 2021 2778 2098 2818; x_wconf 91' lang='lat' dir='ltr'><strong>suis</strong></span> <span class='ocrx_word' id='word_1_497' title='bbox 2130 2776 2279 2814; x_wconf 84' lang='lat' dir='ltr'><strong>tantam</strong></span> <span class='ocrx_word' id='word_1_498' title='bbox 2306 2785 2332 2815; x_wconf 87' lang='lat' dir='ltr'><strong>a</strong></span> <span class='ocrx_word' id='word_1_499' title='bbox 2356 2786 2427 2826; x_wconf 88' lang='lat' dir='ltr'><strong>po-</strong></span> 
     </span>
     <span class='ocr_line' id='line_1_39' title="bbox 193 2838 2429 2896; baseline -0.003 -11"><span class='ocrx_word' id='word_1_500' title='bbox 193 2845 286 2896; x_wconf 91' lang='lat' dir='ltr'><strong>pulo</strong></span> <span class='ocrx_word' id='word_1_501' title='bbox 310 2844 485 2885; x_wconf 87' lang='lat' dir='ltr'><strong>Romano</strong></span> <span class='ocrx_word' id='word_1_502' title='bbox 513 2845 639 2884; x_wconf 90' lang='lat' dir='ltr'><strong>inierit</strong></span> <span class='ocrx_word' id='word_1_503' title='bbox 664 2845 838 2895; x_wconf 84' lang='lat' dir='ltr'><strong>gratiam,</strong></span> <span class='ocrx_word' id='word_1_504' title='bbox 870 2845 916 2881; x_wconf 92' lang='lat' dir='ltr'><strong>ut</strong></span> <span class='ocrx_word' id='word_1_505' title='bbox 948 2842 999 2880; x_wconf 92' lang='lat' dir='ltr'><strong>ad</strong></span> <span class='ocrx_word' id='word_1_506' title='bbox 1032 2853 1205 2881; x_wconf 91' lang='lat' dir='ltr'><strong>summos</strong></span> <span class='ocrx_word' id='word_1_507' title='bbox 1238 2843 1279 2881; x_wconf 90' lang='lat' dir='ltr'><strong>in</strong></span> <span class='ocrx_word' id='word_1_508' title='bbox 1310 2839 1509 2892; x_wconf 90' lang='lat' dir='ltr'><strong>republica</strong></span> <span class='ocrx_word' id='word_1_509' title='bbox 1538 2842 1706 2881; x_wconf 90' lang='lat' dir='ltr'><strong>honores</strong></span> <span class='ocrx_word' id='word_1_510' title='bbox 1736 2845 1894 2892; x_wconf 88' lang='lat' dir='ltr'><strong>propter</strong></span> <span class='ocrx_word' id='word_1_511' title='bbox 1919 2842 2020 2881; x_wconf 89' lang='lat' dir='ltr'><strong>hanc</strong></span> <span class='ocrx_word' id='word_1_512' title='bbox 2047 2838 2277 2879; x_wconf 87' lang='lat' dir='ltr'><strong>industriam</strong></span> <span class='ocrx_word' id='word_1_513' title='bbox 2302 2839 2429 2878; x_wconf 87' lang='lat' dir='ltr'><strong>bonos</strong></span> 
     </span>
     <span class='ocr_line' id='line_1_40' title="bbox 194 2902 2429 2956; baseline -0.002 -9"><span class='ocrx_word' id='word_1_514' title='bbox 194 2909 295 2947; x_wconf 86' lang='lat' dir='ltr'><strong>cives</strong></span> <span class='ocrx_word' id='word_1_515' title='bbox 323 2908 549 2949; x_wconf 85' lang='lat' dir='ltr'><strong>defendendi</strong></span> <span class='ocrx_word' id='word_1_516' title='bbox 572 2911 725 2949; x_wconf 84' lang='lat' dir='ltr'><strong>evectus</strong></span> <span class='ocrx_word' id='word_1_517' title='bbox 750 2907 942 2956; x_wconf 88' lang='lat' dir='ltr'><strong>tantisque</strong></span> <span class='ocrx_word' id='word_1_518' title='bbox 967 2906 1146 2956; x_wconf 89' lang='lat' dir='ltr'><strong>praemiis</strong></span> <span class='ocrx_word' id='word_1_519' title='bbox 1173 2906 1332 2947; x_wconf 82' lang='lat' dir='ltr'><strong>affectus</strong></span> <span class='ocrx_word' id='word_1_520' title='bbox 1356 2907 1416 2953; x_wconf 87' lang='lat' dir='ltr'><strong>sit,</strong></span> <span class='ocrx_word' id='word_1_521' title='bbox 1450 2905 1532 2955; x_wconf 78' lang='lat' dir='ltr'><strong>iam</strong></span> <span class='ocrx_word' id='word_1_522' title='bbox 1566 2907 1607 2946; x_wconf 92' lang='lat' dir='ltr'><strong>in</strong></span> <span class='ocrx_word' id='word_1_523' title='bbox 1639 2908 1868 2956; x_wconf 87' lang='lat' dir='ltr'><strong>perpetuum</strong></span> <span class='ocrx_word' id='word_1_524' title='bbox 1903 2916 2016 2945; x_wconf 89' lang='lat' dir='ltr'><strong>suum</strong></span> <span class='ocrx_word' id='word_1_525' title='bbox 2050 2915 2153 2951; x_wconf 87' lang='lat' dir='ltr'><strong>esse,</strong></span> <span class='ocrx_word' id='word_1_526' title='bbox 2187 2902 2429 2944; x_wconf 77' lang='lat' dir='ltr'><strong>sublevandis</strong></span> 
     </span>
     <span class='ocr_line' id='line_1_41' title="bbox 195 2968 1148 3024; baseline -0.003 -13"><span class='ocrx_word' id='word_1_527' title='bbox 195 2969 395 3012; x_wconf 89' lang='lat' dir='ltr'><strong>hominum</strong></span> <span class='ocrx_word' id='word_1_528' title='bbox 419 2970 597 3024; x_wconf 87' lang='lat' dir='ltr'><strong>periculis</strong></span> <span class='ocrx_word' id='word_1_529' title='bbox 623 2979 784 3024; x_wconf 87' lang='lat' dir='ltr'><strong>operam</strong></span> <span class='ocrx_word' id='word_1_530' title='bbox 808 2978 919 3011; x_wconf 87' lang='lat' dir='ltr'><strong>suam</strong></span> <span class='ocrx_word' id='word_1_531' title='bbox 942 2968 1148 3021; x_wconf 84' lang='lat' dir='ltr'><strong>impertire.</strong></span> 
     </span>
    </p>
   </div>
  </div>
 </body>
</html>
