2634 3601
203 333 421 383 quinium,
461 332 507 367 ut
533 329 751 370 Stoicorum
777 335 1035 385 arrogantiam
1068 336 1189 385 atque
1214 332 1485 387 indolentiam,
1522 341 1640 381 quam
1667 330 1802 372 Cicero
1829 333 1958 378 vocat,
1998 327 2223 369 refutemus.
2277 323 2366 364 Jam
2393 334 2443 365 ex

202 396 392 447 perpetua
420 394 592 434 omnium
619 406 751 434 rerum
777 398 1009 444 mutatione,
1042 409 1121 447 qua
1147 397 1279 436 omnia
1303 397 1345 434 in
1370 398 1560 445 perpetuo
1587 397 1698 431 motu
1724 399 1834 440 sunt,
1868 406 2010 443 parum
2036 391 2218 431 credibile
2245 392 2321 434 est,
2355 389 2442 427 fieri

201 466 337 508 posse,
370 457 415 496 ut
441 456 552 496 ullius
586 456 752 496 hominis
780 457 931 499 animus
957 460 1083 499 omnis
1112 457 1381 499 commotionis
1417 467 1556 509 expers
1589 455 1648 495 sit.
1703 453 1791 505 Ipse
1816 453 1993 494 Socrates
2028 452 2146 507 (apud
2172 452 2374 492 Platonem
2402 450 2441 490 in

201 517 425 572 Phaedone)
461 519 567 565 dicit,
609 528 704 558 sane
737 519 952 559 mirabilem
985 532 1069 562 esse
1100 531 1235 561 rerum
1274 523 1472 568 naturam,
1514 519 1620 569 quod
1660 516 1866 567 voluptatis
1905 517 2023 564 atque
2053 515 2194 553 doloris
2220 524 2358 553 sensus
2383 512 2440 552 al-

200 581 391 621 ternando
426 580 522 620 alter
558 583 648 633 post
683 579 859 619 alterum
890 592 932 621 se
962 584 1167 636 excipiant.
1228 582 1356 623 Fictus
1388 584 1505 634 igitur
1540 586 1598 622 est
1628 581 1691 620 ille
1717 579 1844 619 vultus
1871 589 2025 629 semper
2051 576 2175 621 idem,
2201 577 2267 624 qui
2291 575 2440 615 Socrati

201 643 415 693 affingitur3
449 655 576 692 neque
612 643 715 681 Zeno
750 654 904 693 semper
934 644 1095 685 immoto
1137 648 1221 685 erat
1255 647 1405 693 anim03
1439 657 1533 685 nam
1565 645 1615 684 ad
1645 645 1744 682 iram
1778 642 1850 680 fuit
1883 639 2220 693 propensissimus.
2282 637 2440 676 Plenam

198 706 314 746 animi
341 706 587 746 indolentiam
613 717 728 746 nemo
756 718 929 755 unquam
956 707 1075 748 homo
1101 709 1255 754 habuit3
1295 712 1333 747 et
1365 710 1535 748 veritatis
1564 707 1848 746 amantissimus
1875 705 2039 754 quisque
2073 701 2315 752 apertissime
2347 699 2441 738 fate-

200 769 321 817 bitur,
345 768 529 821 plurimas
562 779 605 809 se
630 768 749 809 animi
777 770 836 809 sui
864 771 1132 812 conversiones
1166 783 1216 812 ex
1242 771 1384 812 laetitia
1410 772 1452 812 in
1478 770 1757 821 aegritudinem
1784 769 1860 808 sive
1887 767 2063 807 dolorem
2091 767 2210 814 atque
2243 774 2293 802 ex
2319 762 2444 812 aegri-

200 832 330 872 tudine
361 832 402 871 in
440 832 623 871 laetitiam
657 841 815 882 passum
843 843 927 873 esse
959 836 998 873 et
1023 835 1114 885 pati.
1167 833 1328 887 Semper
1353 835 1455 875 idem
1482 845 1566 873 esse
1592 844 1672 873 non
1695 833 1824 883 potest
1849 831 1968 870 animi
1994 829 2118 870 nostri
2146 829 2286 871 status;
2327 827 2445 874 atque

199 896 371 945 quamvis
395 894 641 946 pertinaciter
675 895 760 944 quis
786 896 926 936 rationi
950 896 1052 937 hanc
1076 898 1269 939 vindicare
1295 899 1370 938 vim
1394 898 1503 946 velit,
1546 900 1590 936 ut
1624 906 1781 936 omnem
1818 894 1935 934 animi
1973 891 2280 932 commotionem
2307 887 2443 940 procul

199 960 343 999 hahere
369 957 492 1009 possit
516 959 556 997 et
582 957 740 1005 debeat,
766 961 907 1000 natura
933 961 1067 1001 vincet.

384 1038 576 1088 Perpetua
607 1037 778 1078 hilaritas
808 1041 867 1079 vel
902 1042 1017 1081 etiam
1049 1045 1238 1093 perpetua
1268 1044 1385 1082 animi
1420 1041 1675 1091 tranquillitas
1711 1039 1870 1090 cogitari
1904 1048 1985 1076 non
2018 1037 2158 1087 potest.
2213 1032 2342 1102 Etiam
2369 1031 2444 1071 hae

197 1101 365 1151 denique
397 1101 437 1139 in
465 1101 700 1140 contrarium
733 1103 792 1141 sui
817 1106 981 1144 vertunt.
1035 1104 1252 1151 Summum,
1285 1104 1391 1154 quod
1417 1107 1588 1145 statuere
1614 1102 1845 1154 poterimus,
1877 1100 1916 1140 id
1951 1100 2043 1147 erit,
2075 1100 2121 1138 ut
2146 1103 2444 1147 praecipiamus,

197 1164 452 1216 moderandas
480 1174 563 1201 esse
589 1166 707 1211 atque
733 1165 833 1203 intra
858 1166 1014 1205 rationis
1041 1167 1138 1205 fines
1166 1167 1398 1206 coercendas
1425 1168 1546 1206 animi
1573 1165 1863 1205 commotiones.

382 1243 547 1283 Ferreus
575 1246 675 1283 esset
702 1245 751 1290 is,
784 1246 849 1295 qui
877 1248 1049 1288 omnium
1076 1249 1197 1287 animi
1225 1250 1532 1288 commotionum
1566 1257 1726 1297 prorsus
1753 1244 1932 1284 immunis
1959 1246 2069 1282 esset.
2124 1240 2269 1280 Contra
2297 1240 2439 1278 clamat

196 1308 314 1356 atque
345 1309 494 1357 pugnat
527 1309 678 1346 natura.
734 1306 852 1347 Stoici
883 1309 1019 1359 procul
1052 1320 1118 1349 eas
1152 1309 1297 1351 habere
1322 1311 1473 1359 volunt,
1506 1309 1649 1349 scilicet
1681 1319 1731 1348 ne
1758 1306 1923 1347 doleant.
1975 1304 2082 1344 Idem
2110 1303 2226 1354 igitur
2253 1304 2440 1346 statuunt,

196 1369 302 1419 quod
326 1368 527 1419 Epicurei,
563 1370 702 1419 quibus
729 1371 871 1410 bellum
896 1373 1090 1420 indicunt;
1124 1384 1217 1413 nam
1253 1374 1370 1413 etiam
1400 1374 1441 1413 hi
1471 1373 1647 1413 dolorem
1673 1371 1876 1410 admittere
1901 1368 2047 1408 nolunt.
2098 1366 2187 1405 Non
2213 1367 2267 1404 vis
2295 1365 2439 1408 dolere,

197 1428 352 1472 Stoice?
401 1430 531 1471 Deum
562 1432 677 1482 igitur
709 1433 763 1471 vis
800 1435 1066 1485 aequiparare.
1134 1437 1297 1476 Praeter
1330 1438 1437 1477 hunc
1470 1446 1587 1476 nemo
1621 1434 1765 1473 doloris
1798 1443 1935 1482 expers
1967 1441 2050 1470 esse
2081 1432 2219 1480 potest.
2280 1430 2333 1467 At
2359 1439 2439 1477 quo

196 1495 318 1546 magis
344 1494 609 1545 aspernaberis
637 1495 828 1543 dolorem,
854 1509 902 1537 eo
930 1500 1052 1548 magis
1079 1500 1113 1539 ei
1138 1501 1379 1540 succumbes.
1423 1500 1553 1540 Hebes
1581 1499 1645 1537 illa
1671 1497 1788 1536 animi
1815 1495 1955 1534 duritia
1981 1494 2178 1543 frangetur
2204 1493 2372 1540 denique
2400 1495 2439 1529 et

195 1557 456 1607 aegrimoniae
482 1556 611 1592 locum
629 1555 760 1602 faciet;
788 1560 904 1608 atque
931 1560 975 1608 is,
1003 1561 1069 1612 qui
1094 1561 1245 1601 nullum
1272 1562 1313 1601 in
1341 1572 1382 1602 se
1409 1562 1603 1613 suscipere
1630 1559 1711 1599 vult
1737 1558 1924 1604 dolorem,
1951 1556 2067 1596 etiam
2092 1564 2223 1595 veram
2249 1552 2437 1593 laetitiam

196 1620 398 1671 ignorabit.
451 1618 601 1657 Deinde
628 1630 763 1659 revera
790 1624 879 1660 sunt
905 1624 1021 1663 etiam
1044 1625 1276 1674 ¹iustissimae
1303 1636 1462 1673 causae,
1488 1629 1533 1665 ut
1560 1625 1769 1664 doleamus.
1824 1620 2044 1661 Dolendum
2068 1618 2275 1667 unicuique
2302 1620 2360 1655 est
2387 1627 2437 1655 ex

194 1682 416 1723 infirmitate
443 1691 537 1721 suae
563 1682 681 1732 ipsius
708 1683 824 1731 atque
850 1685 1051 1725 universae
1077 1686 1271 1728 humanae
1297 1693 1479 1735 naturae;
1515 1688 1737 1738 saepissime
1764 1685 1973 1725 dolendum
2000 1686 2058 1722 est
2091 1694 2140 1721 ex
2162 1680 2335 1730 plurimis
2363 1679 2434 1717 illis

196 1745 318 1792 malis,
345 1754 445 1794 quae
457 1744 547 1782 inde
568 1746 795 1791 nascuntur,
821 1746 925 1796 quod
950 1758 999 1787 ex
1018 1759 1150 1789 rerum
1164 1754 1304 1793 natura
1320 1752 1437 1792 animi
1450 1752 1572 1792 nostri
1591 1761 1682 1791 cum
1697 1758 1859 1800 corpore
1873 1746 2066 1798 conjuncti
2080 1746 2169 1784 sunt
2191 1742 2354 1791 ideoque
2367 1750 2436 1781 na-

194 1811 307 1847 turae
332 1807 480 1856 legibus
507 1807 695 1851 adstricti:
732 1808 945 1849 dolebimus
982 1823 1031 1850 ex
1056 1813 1230 1862 plurimis
1257 1816 1387 1860 malis,
1419 1816 1560 1863 quihus
1587 1816 1694 1852 totae
1725 1823 1841 1862 saepe
1868 1813 2001 1861 gentes
2026 1809 2266 1858 premuntur·
2319 1805 2438 1843 Recte

194 1870 309 1921 igitur
326 1867 460 1908 Cicero
478 1868 689 1919 interrogat
707 1868 879 1910 Stoicum
907 1870 969 1925 (cf.
996 1884 1084 1925 pag.
1107 1871 1168 1915 10.
1195 1872 1294 1930 22.);
1330 1888 1581 1928 nunquamne
1609 1872 1785 1915 dolebis?
1819 1875 1936 1914 ctiam
1960 1883 2010 1912 ne
2036 1883 2086 1911 ex
2110 1870 2257 1922 patriae
2283 1867 2439 1918 quidem

195 1933 352 1971 interitu
368 1929 388 1969 Τ
443 1931 614 1970 Maxime
645 1944 736 1970 vero
771 1934 985 1974 dolebimus
1017 1948 1067 1975 ex
1099 1939 1240 1977 nostris
1271 1939 1514 1989 aliorumque
1556 1939 1666 1977 malis
1707 1937 1932 1975 moralibus.
1997 1934 2157 1972 Minime
2193 1931 2365 1982 profecto
2408 1931 2440 1968 is

194 1993 407 2035 laudandus
440 1995 557 2041 esset,
596 1993 662 2044 qui
689 1993 781 2034 nihil
816 1995 867 2036 ad
901 2008 943 2037 se
969 2000 1163 2047 pertinere
1198 2004 1371 2041 censeret
1406 2004 1549 2041 statum
1574 2000 1761 2039 moralem
1796 1998 1947 2047 generis
1980 1997 2152 2035 humani.
2208 1995 2301 2033 Inde
2334 1994 2438 2032 nasci

194 2067 350 2097 necesse
384 2058 441 2095 est
475 2055 797 2103 misericordiam,
833 2068 933 2107 quae
967 2060 1157 2111 optimum
1190 2073 1384 2115 quemque
1417 2063 1586 2102 maxime
1621 2060 1814 2114 percellet.
1870 2059 1990 2099 Simili
2027 2070 2077 2098 ex
2108 2057 2214 2098 fonte
2244 2057 2348 2109 justa
2381 2056 2439 2095 ira

195 2122 383 2168 nascitur,
409 2132 459 2160 ex
484 2120 669 2170 pertinaci
696 2119 859 2160 aliorum
886 2124 1041 2162 malitia.
1093 2124 1194 2163 Fieri
1220 2138 1299 2164 non
1325 2128 1486 2177 poterit,
1521 2126 1615 2174 quin
1641 2125 1760 2162 homo
1788 2125 1915 2161 bonus
1942 2124 2143 2161 hominum
2171 2131 2342 2165 errores,
2370 2120 2439 2157 de—

196 2184 303 2232 licta,
333 2183 493 2234 flagitia,
529 2182 693 2223 nefanda
719 2181 907 2233 facinora,
933 2188 1170 2237 conspiciens
1195 2200 1275 2228 non
1302 2189 1539 2238 indignetur,
1570 2199 1649 2226 non
1677 2188 1883 2230 irascatur;
1921 2186 1968 2224 de
1996 2196 2074 2233 quo
2102 2185 2219 2233 paulo
2256 2185 2345 2232 post
2372 2193 2436 2220 co-

194 2256 338 2299 pioslus
362 2255 532 2298 agemus.

381 2328 557 2378 Denique
589 2328 740 2378 sapiens
770 2330 902 2369 noster
933 2341 1013 2370 non
1047 2332 1159 2372 nimis
1193 2331 1385 2384 superbiet
1422 2332 1463 2371 in
1495 2332 1662 2372 externis
1696 2330 1807 2370 bonis
1832 2340 1990 2382 prorsus
2018 2329 2324 2378 contemnendis,
2359 2339 2439 2381 qua

195 2394 236 2432 in
261 2404 306 2432 re
331 2392 539 2442 plurimum
573 2402 614 2430 se
636 2391 787 2440 jactare
813 2395 986 2433 solebant
1012 2395 1151 2441 Stoici,
1186 2396 1253 2434 sed
1280 2396 1454 2444 gloriosis
1480 2397 1601 2445 magis
1628 2396 1754 2433 verbis
1782 2405 1901 2443 quam
1926 2394 2055 2439 factis,
2090 2394 2232 2442 magis,
2263 2396 2309 2431 ut
2334 2393 2438 2431 vide-

196 2459 273 2503 tur,
300 2455 478 2496 simulate
501 2464 617 2506 quam
646 2465 745 2495 vere.
797 2455 884 2507 Ipse
911 2456 1014 2497 Zeno
1041 2457 1115 2499 hac
1141 2459 1181 2499 in
1208 2470 1251 2498 re
1278 2457 1394 2498 fallax
1421 2458 1597 2498 inventus
1625 2461 1693 2498 est.
1735 2457 1836 2498 Nam
1866 2468 1987 2507 quum
2012 2456 2226 2506 Antigonus
2254 2454 2439 2501 Gonatas,

196 2530 268 2558 rex
296 2519 568 2564 Macedoniae,
608 2528 632 2556 a
665 2511 742 2568 qifo
778 2520 1010 2569 amplissima
1041 2520 1142 2559 dona
1175 2522 1351 2571 accipere
1385 2521 1448 2560 ille
1481 2531 1561 2559 non
1596 2521 1798 2567 dubitavit,
1835 2520 1931 2559 salso
1969 2519 2186 2557 detrimenti
2219 2519 2332 2558 bonis
2356 2519 2440 2569 ejus

197 2582 290 2622 illati
315 2581 457 2620 nuncio
485 2581 741 2620 constantiam
767 2582 849 2631 ejus
874 2585 1055 2630 tentaret,
1081 2583 1179 2622 haec
1205 2584 1415 2622 admodum
1440 2583 1672 2622 labefactata
1698 2584 1909 2634 apparebat
1937 2580 2061 2634 (Diog.
2091 2581 2220 2620 Laert.
2247 2582 2331 2628 vll,
2357 2576 2439 2633 36).

196 2644 273 2685 Sed
298 2643 356 2683 vel
383 2643 505 2692 magis
532 2646 711 2693 suspecta
738 2654 785 2683 ea
814 2648 922 2693 sunt,
956 2656 1056 2695 quae
1082 2646 1222 2685 eximia
1258 2657 1347 2685 cum
1375 2644 1594 2696 eloquentia
1625 2650 1664 2684 et
1691 2646 1965 2685 sententiarum
1991 2644 2177 2694 gravitate
2205 2643 2356 2684 Seneca
2390 2643 2441 2683 de

195 2705 482 2747 contemnendis
510 2705 645 2744 divitiis
673 2706 798 2756 deque
825 2710 1052 2758 paupertate
1081 2708 1191 2748 facile
1219 2708 1420 2748 toleranda
1447 2708 1644 2755 disseruit,
1676 2718 1777 2757 quae
1808 2708 2053 2747 vehementer
2079 2706 2232 2752 dubito,
2271 2717 2323 2746 an
2349 2717 2442 2746 vere

196 2773 313 2821 atque
341 2780 390 2809 ex
415 2767 533 2807 animi
560 2770 748 2808 sententia
775 2770 877 2810 dicta
901 2770 1018 2809 videri
1043 2772 1191 2820 possint
1217 2771 1269 2817 ei,
1297 2771 1405 2820 cuius
1429 2771 1559 2809 animo
1587 2770 1704 2820 ipsius
1732 2769 1902 2809 Senecae
1929 2769 2063 2807 divitiis
2089 2768 2283 2808 affluentis
2310 2769 2441 2818 imago

196 2833 434 2873 obversetur.
489 2827 564 2868 Sed
590 2830 665 2870 alia
693 2842 742 2870 ex
767 2836 878 2884 parte
910 2842 1003 2872 sane
1034 2842 1112 2872 non
1145 2832 1262 2873 dubia
1294 2835 1353 2873 est
1378 2832 1598 2872 Stoicorum
1623 2832 1753 2872 levitas
1787 2833 1825 2872 in
1852 2832 1934 2882 ipsa
1959 2831 2052 2878 vita,
2089 2831 2285 2871 bonorum
2313 2832 2441 2872 exter-

196 2907 339 2935 norum
374 2904 548 2939 summe,
582 2895 731 2933 temere
756 2894 985 2946 abjicienda,
1021 2907 1141 2945 quum
1180 2896 1396 2946 complures
1430 2906 1584 2941 eorum,
1627 2899 1672 2933 ut
1706 2895 1827 2940 Zeno,
1860 2893 2082 2939 Cleanthes,
2117 2893 2236 2941 Cato,
2272 2905 2344 2933 sua
2370 2895 2441 2933 sibi

196 2968 317 2999 manu
342 2960 509 2998 mortem
542 2957 811 3005 consciverint;
845 2956 950 3010 quod
976 2957 1131 3008 quidem
1158 2957 1283 3010 ipsum
1318 2970 1366 2999 ex
1393 2958 1572 2999 severiori
1601 2958 1735 2997 aetatis
1761 2959 1916 2998 nostrae
1944 2956 1992 2997 de
2020 2956 2186 2998 honesto
2209 2956 2356 3009 judicio
2383 2960 2442 2997 at-
