2634 3601
196 362 330 414 cap.
366 356 528 399 111.1
567 354 766 397 een-ma
804 352 1063 410 Stoicorum,
1109 366 1194 411 qua
1233 365 1292 395 ex
1323 354 1507 394 veterum
1535 349 1787 405 scriptomn
1821 349 2066 392 teetimoniie
2096 351 2422 411 dmmtratw,

538 430 646 458 vera
670 430 764 459 esee
790 430 861 472 ea,
897 430 1007 471 quae
1035 419 1081 458 in
1107 418 1189 458 hac
1214 417 1406 456 oratione
1431 417 1486 456 iis
1515 426 1544 455 a
1573 412 1777 456 Cicerone
1802 412 2068 464 objiciuntur.

370 502 486 542 nanc
513 502 561 541 de
586 503 682 540 vitiis
709 502 929 540 Stoicorum
957 501 1252 549 disputationem
1283 499 1498 547 ingrediens
1525 509 1685 544 moneo,
1720 497 1946 537 Ciceronem
1979 499 2020 536 in
2046 497 2121 536 hac
2147 501 2323 540 oratione
2348 513 2419 541 no·

187 568 270 605 stra
296 575 363 605 eas
390 566 541 603 tantum
567 574 679 601 verae
706 563 865 601 rationis
893 563 991 601 fines
1018 561 1247 601 excedentes
1266 558 1484 600 Stoicorum
1511 562 1717 601 sententias
1745 560 1899 608 afferre,
1926 571 2026 611 quae
2052 571 2119 600 eos
2146 561 2186 600 in
2212 562 2290 602 vita
2316 573 2422 604 com-

187 629 300 669 muni
326 627 570 673 inhumanos,
596 626 772 673 immites,
800 626 962 665 acerbos
990 625 1152 676 aliisque
1178 624 1350 675 ingratos
1377 625 1493 675 atque
1519 624 1672 665 odiosos
1697 623 1943 672 reddiderint,
1970 624 2061 675 quia
2087 623 2162 665 hae
2186 624 2430 676 potissimum

190 694 231 732 id
257 693 411 731 efficere
437 691 627 739 poterant,
655 691 698 726 ut
725 700 876 735 eorum,
904 690 970 738 qui
999 688 1160 727 aderant
1187 688 1225 726 in
1244 687 1402 735 judicio,
1430 689 1544 727 animi
1571 689 1620 727 ab
1640 689 1685 726 iis
1711 687 2023 726 abalienarentur
2049 690 2088 726 et
2114 687 2269 727 Catonis
2295 692 2430 728 aucto-

191 757 284 796 ritas
318 754 610 803 infringeretur3
644 750 765 790 multa
794 751 886 798 alia,
923 762 1025 801 quae
1052 750 1169 790 Stoici
1202 751 1376 789 extrema
1408 753 1607 800 sequentes
1643 752 1683 789 et
1707 750 1810 789 ultra
1836 750 1916 789 veri
1947 751 2120 800 rectique
2147 751 2245 790 fines
2270 761 2430 801 progre-

191 819 340 859 dientes
373 815 421 855 de
454 815 580 854 multis
613 814 736 864 iisque
764 815 994 865 gravissimis
1020 814 1161 861 rebus,
1195 812 1241 852 de
1273 812 1386 851 bonis
1421 814 1605 862 externis,
1638 812 1686 853 de
1713 812 1865 861 dolore,
1901 812 1950 852 de
1982 816 2109 853 morte
2135 813 2430 861 contemnenda,

193 882 295 927 aliis,
322 879 559 923 statuebant,
585 877 660 916 hoc
688 878 774 917 loco
803 879 949 924 omitti,
981 879 1073 928 quia
1100 877 1150 917 ad
1175 877 1275 916 hanc
1302 887 1460 915 causam
1485 876 1574 916 nihil
1599 876 1860 927 pertinebant,
1893 877 2025 924 simul,
2060 888 2110 916 ne
2136 877 2228 917 talia
2254 889 2277 917 e
2303 877 2433 917 media

194 945 372 986 doctrina
396 942 515 992 petita
540 940 710 980 taedium
743 942 783 980 in
810 942 1056 981 audientibus
1083 942 1289 980 moverent.
1344 940 1496 979 Talium
1529 939 1642 989 plena
1668 942 1758 979 sunt
1785 951 1850 987 ea,
1883 950 1983 989 quae
2011 938 2144 979 Cicero
2176 941 2258 990 ipse
2285 940 2431 990 aliquot

194 1008 306 1047 annis
345 1006 433 1054 post
469 1004 641 1042 habitam
679 1002 782 1042 hanc
819 1004 1038 1043 orationem
1078 1004 1117 1041 in
1159 1002 1361 1053 paradoxis
1401 1004 1517 1051 atque
1557 1001 1598 1039 in
1635 1000 1950 1052 disputationibus
1984 1001 2209 1041 Tusculanis
2245 1013 2267 1042 e
2299 1005 2431 1043 mente

194 1071 413 1111 Stoicorum
447 1068 617 1118 scripsit,
658 1078 780 1117 quum
820 1068 965 1107 omissa
1001 1078 1134 1106 rerum
1167 1067 1405 1117 publicarum
1439 1075 1532 1104 cura
1565 1063 1616 1104 ad
1645 1063 1909 1116 philosophiae
1943 1065 2070 1104 studia
2103 1066 2289 1105 rediisset.
2352 1065 2430 1106 Sed

195 1143 297 1174 nunc
323 1131 471 1181 agimus
499 1130 547 1168 de
573 1130 637 1176 iis,
665 1139 767 1179 quae
793 1129 880 1169 loco
907 1131 1044 1169 nostro
1071 1128 1206 1169 Cicero
1232 1129 1360 1179 objicit
1386 1127 1534 1175 Stoicis,
1559 1128 1693 1166 utrum
1714 1126 1798 1177 iure
1825 1129 1943 1178 atque
1968 1128 2118 1168 veritati
2146 1127 2431 1174 convenienter,

197 1209 248 1236 an
275 1194 414 1244 injuria
442 1195 559 1241 atque
586 1192 683 1230 falso
711 1192 811 1231 haec
838 1193 882 1230 iis
909 1192 1166 1241 exprobrarit.

376 1254 526 1295 Revera
551 1253 671 1294 Stoici
699 1265 764 1302 ea,
801 1264 902 1305 quae
928 1253 993 1294 hic
1019 1254 1065 1294 iis
1089 1254 1325 1302 tribuuntur,
1354 1254 1589 1300 statuerunt,
1616 1252 1739 1303 itaque
1773 1250 1918 1291 sactum
1953 1255 2031 1301 est,
2065 1255 2110 1294 ut
2144 1264 2282 1294 eorum
2317 1252 2431 1294 inhu-

195 1321 357 1359 manitas
390 1321 506 1366 atque
534 1319 756 1366 arrogantia
783 1318 897 1367 vulgo
925 1318 1026 1356 male
1053 1319 1204 1357 audiret
1231 1317 1292 1370 (cf.
1318 1328 1404 1368 pag.
1433 1313 1523 1370 10.).
1574 1315 1730 1354 Perfecti
1756 1315 1935 1364 sapientis
1962 1316 2182 1367 exemplum
2207 1327 2431 1368 proponen-

194 1387 252 1424 tes
277 1383 382 1422 hunc
410 1381 589 1420 omnibus
616 1380 741 1420 modis
770 1392 912 1420 ornare
940 1381 1158 1420 studebant.
1201 1382 1244 1420 In
1272 1382 1481 1431 sapientiae
1507 1380 1664 1419 notione
1689 1377 1836 1429 plenam
1862 1380 2121 1418 maximarum
2147 1391 2279 1419 rerum
2306 1381 2430 1419 scien·

192 1447 287 1486 tiam
315 1447 354 1484 et
379 1443 599 1483 absolutam
625 1443 807 1482 virtutem
836 1443 1156 1493 complectentes,
1192 1455 1267 1493 qua
1293 1447 1459 1493 utraque
1486 1452 1638 1481 summa
1662 1441 1837 1492 perfectio
1865 1441 2073 1489 efficiatur,
2108 1443 2148 1481 in
2176 1453 2253 1482 una
2279 1443 2430 1482 ratione

193 1510 319 1560 posita
352 1510 469 1556 atque
503 1507 543 1545 in
576 1509 682 1545 recte
719 1506 919 1545 sentiendo
956 1509 995 1545 et
1021 1509 1127 1546 recte
1153 1507 1301 1556 agendo
1328 1507 1553 1556 conspicua,
1586 1507 1691 1543 recte
1718 1505 1763 1543 ita
1789 1505 2029 1551 statuebant,
2060 1506 2177 1544 talem
2205 1505 2430 1555 sapientiam

194 1581 392 1612 summum
429 1580 536 1616 esse,
578 1568 684 1619 quod
717 1567 837 1607 homo
873 1569 1026 1619 assequi
1060 1571 1209 1621 posset,
1243 1570 1412 1619 itemque
1444 1571 1549 1609 recte
1582 1566 1813 1614 statuebant,
1846 1565 2044 1607 hominem
2076 1568 2141 1607 tali
2169 1568 2354 1618 sapientia
2380 1568 2430 1607 ab

195 1635 376 1674 omnibus
410 1633 529 1671 animi
561 1632 918 1680 perturbationibus
952 1632 1118 1671 liberum
1153 1633 1237 1670 fieri
1270 1643 1463 1682 supraque
1498 1642 1632 1669 omnes
1664 1631 1772 1669 animi
1806 1630 2045 1668 infirmitates
2080 1631 2228 1677 extolli3
2263 1631 2428 1681 denique

194 1698 269 1737 hac
296 1695 486 1746 sapientia
520 1694 604 1732 sola
629 1694 748 1732 vitam
775 1694 931 1733 beatam
959 1695 1076 1741 effici;
1112 1695 1178 1734 sed
1208 1706 1329 1744 quum
1358 1695 1620 1734 difficillimum
1646 1694 1712 1739 sit,
1738 1692 1932 1732 hominem
1968 1692 2018 1731 ad
2043 1694 2194 1732 tantum
2222 1694 2431 1743 sapientiae

195 1759 391 1808 fastigium
420 1756 631 1795 ascendere
659 1757 698 1793 et
724 1755 931 1805 plerosque
957 1757 1092 1796 deceat
1120 1759 1314 1805 confiteri,
1342 1769 1402 1805 se,
1439 1757 1609 1807 quamvis
1636 1755 1795 1796 studiose
1821 1754 1871 1793 ad
1896 1754 1998 1793 hanc
2024 1756 2141 1794 animi
2170 1756 2429 1795 excelsitatem

198 1823 403 1866 enitantur,
429 1822 562 1859 tamen
589 1818 764 1857 conscios
793 1819 863 1857 sibi
891 1829 986 1865 esse,
1014 1831 1055 1858 se
1082 1820 1121 1858 in
1146 1820 1260 1870 plena
1288 1821 1496 1871 sapientiae
1522 1819 1752 1871 possessione
1778 1829 1857 1856 non
1884 1828 1987 1865 esse,
2014 1817 2131 1857 Stoici
2158 1819 2197 1857 id
2223 1820 2293 1858 sibi
2321 1831 2430 1858 arro-

198 1885 344 1934 gabant
372 1885 411 1921 et
437 1882 509 1920 sibi
537 1881 692 1930 quidem
720 1881 833 1927 solis,
868 1892 1000 1920 omnes
1028 1882 1123 1920 alios
1158 1883 1207 1920 ab
1243 1882 1317 1921 hac
1344 1883 1530 1933 sapientia
1557 1880 1802 1921 excludentes.
1858 1878 1992 1919 Solum
2020 1879 2192 1919 Stoicum
2219 1882 2431 1932 sapientem

199 1945 422 1986 statuebant
455 1944 504 1983 ab
538 1944 644 1983 omni
675 1944 766 1983 vitio
804 1944 969 1983 liberum
997 1955 1097 1991 esse,
1136 1945 1278 1984 elatum
1313 1957 1430 1997 supra
1458 1956 1590 1984 omnes
1615 1943 1783 1984 fortunae
1809 1943 2104 1991 vicissitudines,
2143 1946 2249 1984 omni
2273 1946 2431 1985 mollitie

200 2010 317 2049 animi
343 2018 529 2053 vacuum,
557 2017 709 2056 semper
735 2007 892 2045 beatum
920 2010 958 2046 et
984 2007 1183 2054 invictum;
1219 2008 1322 2048 hunc
1349 2010 1475 2049 solum
1502 2007 1630 2047 omnia
1662 2006 1758 2046 hona
1784 2005 1929 2046 habere
1966 2007 2006 2046 in
2032 2018 2074 2046 se
2102 2008 2317 2058 conjuncta.
2371 2009 2431 2048 Ita

199 2072 378 2111 omnibus
414 2067 614 2108 virtutibus
649 2070 859 2119 sapientem
887 2069 1059 2108 Stoicum
1088 2072 1346 2120 cumulantes,
1380 2075 1425 2112 ut
1456 2071 1571 2110 animi
1605 2070 1678 2120 ejus
1715 2069 1976 2109 excelsitatem
2007 2071 2132 2110 verbis
2158 2072 2430 2123 exprimerent,

196 2135 270 2174 hac
298 2135 353 2173 uti
381 2133 554 2172 solebant
581 2131 764 2179 formula,
793 2133 918 2172 solum
947 2145 1038 2172 eum
1067 2145 1151 2174 esse
1178 2137 1354 2183 beatum,
1392 2137 1620 2180 formosum,
1653 2133 1820 2179 divitem,
1852 2143 1996 2183 regem.
2052 2134 2188 2181 Stoici,
2215 2136 2282 2174 tali
2309 2135 2430 2185 digni-

195 2199 284 2237 tatis
328 2207 421 2235 suae
463 2195 730 2234 aestimatione
765 2195 887 2234 inflati
929 2199 967 2235 et
999 2197 1177 2237 invictam
1213 2200 1393 2239 virtutem
1437 2202 1476 2239 et
1508 2200 1726 2248 perpetuam
1760 2196 2001 2236 severitatem
2032 2198 2199 2237 retinere
2234 2198 2431 2248 cupientes

195 2262 301 2300 omni
339 2260 455 2299 animi
483 2259 735 2298 commotioni
763 2259 910 2298 aditum
937 2260 1235 2300 intercludentes
1274 2273 1297 2301 a
1324 2262 1469 2311 vulgari
1504 2262 1696 2300 hominum
1723 2258 1902 2297 facilitate
1927 2261 2066 2299 remoti
2097 2272 2224 2311 neque
2250 2260 2429 2300 hilaritati

195 2335 321 2373 neque
349 2323 518 2362 comitati
546 2321 757 2371 quidquam
787 2321 921 2361 dantes
949 2323 1066 2362 etiam
1093 2325 1301 2364 amicitiam
1328 2327 1445 2375 atque
1472 2323 1768 2364 benevolentiam
1794 2322 2077 2373 angustioribus
2105 2324 2246 2363 finibus
2266 2323 2430 2363 circum-

197 2386 436 2431 scribebant,
470 2396 520 2424 ne
547 2385 692 2424 scilicet
717 2384 776 2423 his
804 2385 922 2424 animi
948 2386 1117 2425 motibus
1145 2386 1259 2428 ducti.
1286 2398 1310 2427 a
1335 2400 1424 2428 vera
1450 2389 1600 2428 ratione
1626 2387 1861 2433 aberrarent,
1895 2389 1935 2426 et
1961 2387 2066 2437 quod
2093 2388 2306 2426 maximum
2333 2390 2429 2434 erat,

194 2451 318 2501 ipsam
344 2448 656 2495 misericordiam,
681 2448 723 2487 in
742 2449 1078 2498 perturbationum
1105 2451 1222 2489 animi
1248 2462 1412 2491 numero
1440 2462 1527 2491 eam
1552 2450 1743 2496 habentes,
1771 2448 2006 2489 damnabant
2031 2453 2216 2501 tanquam
2242 2450 2429 2501 pernicio·

197 2524 297 2560 sam,
339 2514 523 2561 tanquam
556 2511 674 2550 animi
706 2511 980 2551 infirmitatem.
1042 2513 1100 2552 lta
1134 2524 1158 2551 a
1191 2515 1336 2564 vulgari
1372 2515 1645 2554 consuetudine
1675 2514 1923 2552 abhorrentes
1957 2513 2067 2553 facile
2099 2515 2139 2553 in
2173 2514 2429 2564 plurimorum

196 2575 416 2620 hominum,
452 2574 619 2612 maxime
644 2573 946 2623 elegantiorum,
979 2576 1211 2622 urbanitati,
1248 2577 1476 2616 humanitati
1506 2576 1647 2627 aliquid
1672 2575 1940 2622 tribuentium,
1965 2577 2143 2616 invidiam
2170 2577 2428 2616 incurrebant.

199 2637 376 2675 Ceterum
411 2636 536 2682 multi,
576 2637 641 2684 qui
678 2636 780 2675 hanc
815 2636 1052 2687 disciplinam
1095 2640 1320 2688 profitentes
1354 2642 1558 2691 augustam
1600 2639 1804 2690 sapientiae
1839 2638 2004 2688 speciem
2043 2650 2137 2690 prae
2171 2651 2212 2680 se
2246 2639 2430 2685 ferebant,

199 2711 318 2748 quum
350 2700 388 2737 in
422 2700 505 2749 ipsa
537 2700 611 2737 vita
637 2710 724 2738 eam
751 2710 831 2738 non
857 2704 1069 2747 servarent,
1104 2702 1158 2739 ita
1191 2705 1234 2741 ut
1260 2714 1389 2742 mores
1423 2714 1560 2742 eorum
1593 2713 1672 2741 non
1698 2712 1784 2740 cum
1808 2702 2067 2748 sermonibus,
2102 2713 2198 2752 quos
2220 2701 2430 2751 jactabant,

199 2763 469 2811 congruerent,
503 2761 686 2801 irridendi
724 2761 783 2801 sui
817 2760 1039 2802 facultatem
1070 2764 1343 2815 praebuerunt,
1384 2768 1502 2817 atque
1535 2766 1598 2805 illa
1633 2766 1713 2816 ipsa
1747 2764 1887 2803 usitata
1918 2765 1962 2804 iis
1996 2765 2182 2812 formula,
2218 2765 2430 2815 sapientem

198 2822 369 2863 Stoicum
396 2823 517 2863 solum
544 2835 626 2863 esse
653 2826 829 2871 beatum,
856 2825 1090 2873 formosum,
1126 2827 1297 2875 divitem,
1332 2838 1483 2878 regem,
1508 2828 1633 2868 irrisui
1660 2827 1790 2867 habita
1816 2828 1882 2866 est.

387 2884 497 2931 Quae
530 2886 663 2926 Cicero
704 2888 781 2926 hoc
814 2888 901 2927 loco
935 2888 1071 2928 Stoicis
1113 2891 1153 2928 in
1185 2892 1406 2931 universum
1450 2892 1579 2941 objicit
1620 2892 1728 2937 vitia,
1772 2900 1817 2929 ea
1857 2890 1896 2929 in
1931 2890 2007 2929 duo
2045 2900 2252 2941 possumus
2289 2901 2431 2941 genera

196 2948 428 2989 distribuere
441 2977 451 2995 ,
485 2959 650 2997 quorum
676 2951 782 3001 prius
808 2951 977 3002 positum
1004 2954 1061 2992 est
1089 2953 1127 2992 in
1153 2964 1290 2994 eorum
1316 2954 1433 2994 animi
1461 2955 1687 3003 acerbitate,
1714 2965 1737 2994 a
1763 2953 2023 2995 misericordia
2049 2957 2166 3005 atque
2193 2954 2431 2997 humanitate
