2634 3601
332 375 335 377 ’
384 378 573 418 Plurimas
595 379 753 420 virtutes
780 389 869 420 suas
890 380 1098 431 jactabant,
1123 379 1193 420 sed
1219 389 1267 418 ea
1291 378 1479 429 palmaria
1504 390 1639 432 eorum
1660 379 1820 430 jactatio
1848 381 1944 425 erat,
1972 376 2079 429 quod
2103 376 2364 425 affirmabant,
2390 387 2434 417 se

198 450 279 481 non
303 439 433 488 irasci;
460 440 558 482 iram
582 442 621 483 in
647 443 870 494 sapientem,
895 445 935 485 in
960 456 1015 494 se,
1038 444 1132 485 nihil
1157 442 1296 483 valere.
1349 439 1467 490 Quod
1492 442 1525 482 si
1548 452 1682 481 verum
1707 442 1850 490 innuet,
1875 453 1970 483 sane
1992 440 2180 494 ejusmodi
2199 443 2296 489 erat,
2324 438 2434 491 quod

198 502 369 545 maxime
394 514 462 545 eos
488 516 565 546 non
591 506 717 546 minus
743 506 784 547 in
809 507 941 561 vulgus
968 520 1087 561 quam
1113 506 1219 560 apud
1244 506 1377 548 doctos
1405 506 1712 552 commendarem
1739 505 1807 545 sed
1832 516 1882 545 ex
1906 507 2097 554 omnibus,
2124 516 2226 557 quae
2249 505 2364 546 nobis
2382 503 2434 545 de

197 566 336 606 Stoicis
361 569 501 609 tradita
525 572 626 617 sunt,
652 574 823 620 apparet,
848 572 996 611 nullum
1017 570 1335 623 philosophorum
1360 582 1481 622 genus
1504 570 1555 610 ad
1581 571 1680 610 iram
1705 568 1828 620 magis
1854 578 2022 619 pronum
2045 568 2161 609 tuisse
2185 579 2305 619 quam
2327 568 2431 609 Stoi·

199 640 277 677 cos,
312 630 352 670 id
377 632 483 682 quod
508 634 625 673 etiam
650 643 701 672 ex
727 632 889 673 Zenonis
915 636 1032 683 atque
1057 634 1214 675 Catonis
1239 634 1421 681 moribus,
1460 644 1578 683 quam
1604 631 1890 673 accuratissime
1914 629 2219 681 perponderatis,
2256 634 2427 682 apparet.

197 690 275 732 Sed
298 694 541 745 pertinaciter
568 695 844 736 damnavenmt
872 694 990 736 Stoici
1015 697 1132 745 iram;
1167 696 1274 747 cujus
1300 697 1356 737 rei
1380 699 1496 738 testes
1526 697 1674 747 aliquot
1699 694 1901 737 adhibebo.
1955 692 2117 734 Plurimi
2143 694 2234 733 sunt
2255 692 2295 732 in
2321 692 2427 733 dam-

196 757 323 797 nanda
347 759 406 797 ira
432 757 579 804 Cicero,
617 758 747 811 (Tusc.
773 759 852 805 111„
875 756 914 798 9.
943 755 1004 798 10.
1028 760 1105 805 lv„
1130 756 1196 798 22
1223 755 1287 798 36.
1313 756 1391 814 37.)
1426 762 1466 798 et
1490 759 1637 798 Seneca
1662 760 1703 798 in
1728 758 1908 808 singulari
1936 756 1985 795 de
2011 757 2071 795 ira
2096 756 2282 805 inscripto
2306 755 2428 800 libroz

195 819 352 860 accedat
381 820 463 871 ipse
489 819 590 861 Zeno
625 831 648 861 e
673 820 857 872 Diogenis
882 820 1025 862 Laertii
1052 831 1121 860 ore
1154 817 1206 875 (7,
1235 817 1347 874 lla).
1401 819 1498 869 Quis
1523 832 1603 860 non
1628 820 1860 871 improbabit
1885 815 2014 858 iram?
2068 816 2146 857 Sed
2172 830 2251 857 non
2276 818 2356 856 veri
2383 818 2432 857 si-

195 882 284 921 mile
309 884 378 929 est,
403 881 552 922 Stoicos
578 884 659 923 irae
683 895 764 923 non
790 883 1000 923 indulsisse.
1050 884 1152 924 Nam
1179 886 1416 924 consentiens
1441 884 1697 934 plurimorum
1721 883 1876 922 testium
1903 892 1979 922 vox
2005 883 2075 929 ast,
2103 880 2268 928 Stoicos,
2295 880 2335 919 in
2351 879 2431 930 pri-

194 946 266 984 mis
290 956 383 984 vero
410 944 615 993 Zenonem,
641 946 855 997 principem
881 957 1019 987 eorum
1044 949 1160 997 atque
1186 951 1396 995 auctorem,
1420 946 1559 987 deinde
1585 946 1700 986 etiam
1719 944 1906 986 Catonem
1932 946 2123 991 nostrum,
2151 944 2202 984 ad
2220 944 2320 983 iram
2338 954 2431 993 pro·

193 1009 389 1059 pensioroe
415 1008 542 1056 fuisse,
574 1019 694 1059 quam
721 1009 891 1049 decebat.
943 1012 1072 1060 Atque
1098 1019 1190 1050 sane
1216 1011 1300 1052 fieri
1324 1021 1402 1051 non
1427 1009 1565 1062 potuit,
1608 1008 1699 1059 quin
1724 1008 1763 1056 ii,
1804 1007 1870 1058 qui
1896 1006 2215 1055 misericordiam,
2257 1004 2431 1046 dolorem

193 1083 243 1110 ex
268 1071 372 1109 malo
398 1071 554 1109 alterius
581 1074 723 1118 ortum,
763 1072 868 1110 hunc
894 1085 983 1111 cum
1008 1074 1245 1113 humanitate
1271 1078 1310 1113 et
1341 1074 1595 1123 benivolentia
1621 1072 1972 1121 conjunctissimum
1998 1071 2187 1117 dolorem,
2222 1070 2327 1108 ferre
2352 1078 2432 1108 uon

191 1135 383 1186 poterant,
410 1133 478 1176 sed
502 1134 642 1185 procul
669 1145 693 1175 a
710 1146 752 1176 se
777 1134 923 1176 habere
949 1136 1164 1186 cupiebant,
1190 1137 1308 1176 etiam
1335 1136 1510 1175 dolorem
1537 1148 1587 1173 ex
1613 1148 1683 1173 suo
1708 1137 1880 1184 ipsorum
1904 1135 2151 1172 incommodo
2180 1138 2312 1172 ortum
2338 1144 2431 1183 pro·

192 1197 255 1239 cul
279 1197 425 1239 habere
448 1197 596 1247 vellent,
622 1196 726 1239 unde
745 1198 803 1240 ira
822 1201 861 1240 et
880 1198 1083 1241 ulciscendi
1103 1200 1290 1252 cupiditas
1310 1199 1491 1240 nascitur.
1546 1195 1623 1246 Qui
1647 1197 1945 1238 misericordiam
1967 1197 2115 1244 nolunt,
2142 1197 2224 1236 irae
2247 1207 2429 1236 succum-

192 1263 287 1301 bant
306 1272 463 1300 necesse
485 1264 553 1298 est.
605 1260 698 1299 Mali
724 1263 774 1300 ab
799 1263 875 1301 alio
903 1264 972 1301 sibi
998 1264 1090 1301 illati
1115 1264 1357 1314 impatientes
1384 1263 1489 1301 hunc
1514 1262 1661 1312 punire,
1683 1261 1825 1309 ulcisci,
1851 1260 1967 1301 Stoici
1993 1271 2073 1300 non
2100 1259 2341 1306 dubitabant,
2372 1257 2430 1298 id·

191 1338 269 1376 que
294 1337 342 1366 eo
369 1323 526 1371 facilius,
554 1324 646 1373 quia
670 1327 856 1365 statutum
882 1327 986 1377 apud
1010 1339 1053 1366 se
1077 1327 1283 1372 habebant,
1309 1325 1548 1376 puniendum
1575 1336 1669 1370 esse,
1696 1337 1745 1362 ex
1769 1326 1852 1373 lege
1876 1326 2066 1374 agendum
2085 1335 2181 1369 esse,
2208 1324 2428 1361 misericor-

416 1396 498 1427 non
525 1385 674 1427 decere.

192 1388 281 1430 dem
307 1398 454 1488 easeSed
481 1450 605 1486 omnis
632 1450 789 1487 omnino
813 1451 961 1488 virtutis
988 1461 1030 1488 se
1050 1451 1251 1502 jactabant
1276 1449 1512 1501 exemplaria
1531 1448 1660 1497 Stoici,
1685 1458 1848 1501 eamque
1875 1448 1925 1489 ob
1948 1458 2103 1490 causam
2121 1446 2358 1495 dictitabant,
2386 1456 2428 1487 se

191 1512 297 1552 nullo
324 1513 439 1552 animi
466 1513 608 1552 affectu
635 1515 879 1558 commoveri,
906 1526 948 1552 se
974 1526 1174 1563 nunquam
1199 1524 1375 1564 peccare,
1402 1524 1606 1562 uunquam
1632 1514 1673 1550 in
1700 1524 1873 1552 errorem
1900 1514 2080 1559 incidere,
2106 1515 2235 1561 itaque
2254 1512 2326 1549 sihi
2345 1520 2426 1548 non

192 1586 290 1627 opus
317 1586 402 1617 esse
426 1577 637 1627 poenitere,
663 1586 790 1625 neque
816 1576 1044 1617 sententiam
1069 1578 1239 1622 mutare:
1266 1587 1309 1615 se
1333 1587 1415 1615 non
1441 1575 1566 1615 solum
1592 1575 1698 1614 nulla
1723 1576 1763 1614 in
1788 1588 1832 1614 re
1857 1575 1948 1622 falli,
1973 1576 2040 1614 sed
2064 1578 2222 1613 omnino
2241 1587 2322 1613 non
2341 1575 2425 1623 opi·

190 1638 288 1685 nari,
316 1637 384 1677 sed
411 1640 518 1677 certo
545 1639 654 1678 scire.
705 1637 864 1678 Divinos
889 1639 1004 1690 igitur
1028 1649 1069 1679 se
1096 1649 1180 1679 esse
1202 1639 1417 1690 jactabant,
1450 1639 1695 1688 divinumque
1721 1638 1865 1689 aliquid
1892 1639 1962 1678 sibi
1992 1638 2115 1678 inesse
2143 1636 2268 1690 (Diog.
2294 1635 2424 1675 Lacrt.

190 1699 242 1749 7.,
272 1698 360 1742 119.
390 1698 506 1753 121.).
560 1700 664 1748 Quid
697 1703 942 1753 arrogantius
974 1701 1048 1740 dici
1079 1699 1234 1753 potest?
1273 1702 1388 1753 idque
1421 1702 1461 1740 in
1493 1702 1609 1741 tantis
1635 1702 1743 1749 vitiis,
1782 1702 1898 1741 tantis
1925 1698 2145 1741 erroribus?
2197 1699 2425 1740 Melioribus

190 1776 285 1805 sane
308 1767 407 1805 inter
427 1765 576 1804 Stoicos
602 1765 641 1802 id
669 1764 960 1803 concedendum
987 1766 1057 1810 est,
1084 1766 1298 1803 maximum
1324 1776 1391 1803 eos
1417 1765 1457 1803 in
1484 1776 1531 1803 eo
1560 1765 1768 1803 collocasse
1794 1764 1975 1811 studium,
2001 1768 2046 1803 ut
2070 1775 2164 1814 prae
2191 1763 2326 1801 ceteris
2351 1761 2424 1799 ho-

189 1826 357 1866 minibus
383 1826 544 1866 immota
569 1826 687 1866 animi
716 1826 901 1876 gravitate
926 1829 1043 1877 atque
1071 1828 1299 1874 constantia,
1332 1828 1611 1867 sententiarum
1638 1838 1797 1866 suarum
1821 1824 1993 1873 veritate,
2025 1838 2181 1865 monim
2207 1825 2424 1874 integritate

188 1891 440 1939 praestarent.
494 1888 571 1927 Sed
596 1888 725 1927 multis
751 1898 888 1928 eorum
915 1899 965 1928 ex
991 1889 1129 1930 eodem
1154 1890 1281 1931 studio
1303 1891 1453 1930 vanitas
1479 1889 1670 1941 quaedam
1699 1891 1784 1929 orta
1810 1892 1879 1938 est,
1905 1890 2121 1942 praemium
2147 1888 2236 1929 inde
2261 1886 2425 1939 petenti·

188 1953 262 1992 bus
295 1952 352 1998 id,
390 1954 436 1990 ut
462 1953 639 1990 omnibus
665 1952 746 1990 aliis
773 1953 951 1990 meliores
978 1952 1114 1992 haberi
1139 1954 1295 2000 vellent,
1336 1953 1406 1991 soli
1433 1953 1538 1999 boni,
1576 1953 1645 1991 soli
1672 1953 1787 1991 beati.
1839 1954 1946 1992 Alios
1973 1953 2280 1992 contemnebant.
2332 1951 2425 1990 Inde

188 2014 293 2067 apud
320 2025 386 2054 eos
413 2016 522 2053 ortae
549 2016 639 2053 sunt
664 2013 876 2054 locutiones
901 2014 953 2054 ad
977 2026 1069 2056 eum
1095 2017 1317 2067 sapientem,
1345 2026 1462 2065 quem
1488 2016 1559 2066 ipsi
1586 2016 1690 2065 apud
1715 2017 1891 2056 animum
1917 2028 2032 2056 suum
2059 2017 2283 2061 statuerent,
2307 2014 2426 2064 perti-

187 2081 322 2118 nentes
349 2087 430 2122 eae,
456 2086 552 2126 quas
579 2076 713 2116 Cicero
740 2076 826 2115 loco
854 2079 989 2116 nostro
1016 2079 1237 2129 perstringit
1262 2078 1502 2124 facetissime,
1534 2090 1656 2128 quum
1682 2078 1866 2126 dicerent,
1902 2080 2128 2130 sapientem,
2160 2088 2300 2128 nempe
2325 2076 2425 2116 Stoi·

189 2151 278 2180 cum
304 2140 526 2191 sapientem,
553 2138 678 2178 solum
705 2150 789 2179 esse
814 2138 1041 2188 formosum,
1067 2140 1192 2181 solum
1219 2141 1396 2188 liberum,
1423 2141 1588 2189 divitem,
1614 2152 1758 2192 regem,
1786 2142 1881 2182 alios
1900 2153 2041 2189 servos,
2067 2141 2303 2192 peregrinos,
2331 2150 2425 2179 exu-

188 2204 264 2250 les,
303 2204 475 2248 insanos,
514 2202 690 2241 furiosos.
743 2201 894 2242 Scilicet
919 2204 991 2253 ipsi
1017 2204 1263 2251 dictitabant,
1300 2214 1343 2242 se
1361 2204 1475 2246 nmni
1502 2203 1614 2253 culpa
1639 2214 1798 2251 vacare,
1838 2205 2046 2255 negabant,
2087 2215 2129 2242 se
2156 2204 2196 2242 in
2221 2205 2423 2253 peccatum

188 2265 357 2306 incidere
380 2275 505 2315 posse.
558 2263 658 2304 Fieri
684 2275 764 2304 nou
789 2266 932 2314 potuit,
966 2267 1058 2315 quin
1084 2265 1302 2305 Stoicorum
1328 2266 1377 2304 de
1402 2266 1586 2315 singulari
1613 2278 1684 2305 sua
1710 2268 1945 2316 praestantia
1971 2267 2203 2305 existimatio
2230 2266 2423 2314 plerisque

188 2327 323 2368 odiosa
348 2328 457 2367 esset.
511 2325 588 2366 Sed
613 2337 747 2367 revera
773 2338 840 2367 eos
866 2328 921 2368 ita
948 2328 1122 2377 sensisse,
1158 2339 1321 2379 eamque
1346 2328 1396 2368 ob
1424 2339 1581 2369 causam
1608 2330 1711 2380 ipsos
1735 2330 1899 2370 ludibrio
1925 2329 2078 2369 habitos
2104 2339 2200 2373 esse,
2236 2328 2342 2366 locos
2369 2327 2421 2365 ad

186 2392 227 2429 id
254 2390 595 2429 demonstrandum
621 2393 732 2440 aptos
759 2392 930 2430 afferam.
982 2392 1034 2431 Ut
1058 2394 1209 2430 taceam
1235 2392 1283 2430 de
1308 2391 1482 2441 Diogene
1507 2391 1676 2438 Laertio,
1715 2392 1781 2440 qui
1815 2391 1887 2430 has
1921 2390 2126 2430 sententias
2163 2392 2203 2428 et
2235 2387 2424 2427 vocabula

186 2453 237 2493 ab
264 2453 355 2504 ipsis
382 2451 453 2492 sibi
478 2450 597 2491 indita
624 2456 903 2494 commemorat
929 2449 993 2508 (7.,
1022 2449 1140 2507 122),
1180 2452 1314 2494 Cicero
1348 2454 1429 2504 ipse
1464 2454 1638 2505 plurimis
1673 2454 1767 2494 locis
1801 2454 1905 2494 idem
1933 2456 2108 2509 testatur,
2149 2464 2217 2493 eos
2241 2452 2345 2491 hanc
2372 2452 2424 2490 ob

188 2526 345 2554 causam
377 2515 494 2554 modo
527 2515 689 2554 irridens
720 2516 839 2555 modo
870 2526 961 2556 vera
993 2527 1060 2555 eos
1090 2518 1259 2555 statuere
1290 2515 1498 2556 affirmans.
1551 2516 1650 2555 Illud
1681 2516 1773 2557 facit
1804 2517 1846 2556 in
1878 2516 2164 2569 quaestionibus
2192 2514 2424 2555 academicis

187 2581 304 2629 atque
329 2578 370 2617 in
396 2578 501 2618 libris
528 2577 576 2617 de
602 2578 741 2617 finibus
767 2579 963 2619 bonorum
985 2583 1101 2629 atque
1127 2580 1331 2626 malorum,
1364 2580 1440 2619 hoc
1465 2581 1506 2618 in
1531 2581 1748 2630 paradoxis.
1802 2581 1848 2620 In
1875 2581 2163 2630 quaestionibus
2191 2578 2422 2617 academicis

185 2641 377 2693 prIoribus
399 2641 454 2681 ita
472 2641 623 2691 quaerit
652 2638 751 2695 (cap,
777 2638 877 2697 44.):
904 2642 1146 2691 „dicerentne
1171 2652 1346 2693 unquam
1370 2642 1591 2683 Academici
1617 2644 1808 2694 sapientes
1836 2644 1937 2684 solos
1962 2641 2103 2693 reges?
2131 2643 2234 2683 solos
2259 2638 2422 2682 divites?

187 2705 291 2744 solos
314 2702 533 2744 formosos?
560 2706 703 2754 omnia,
730 2716 830 2757 quae
855 2706 976 2747 ubivis
1002 2707 1140 2754 essent,
1166 2705 1345 2758 sapientis
1371 2702 1482 2747 esse?
1509 2706 1703 2747 neminem
1722 2707 1931 2755 consulem,
1953 2709 2187 2759 praetorem,
2212 2706 2424 2757 imperato-

188 2781 286 2816 rem,
324 2769 453 2808 nescio
488 2780 539 2807 an
570 2780 621 2807 ne
654 2770 949 2820 quinquevirum
974 2770 1128 2820 quidem
1155 2779 1390 2819 quemquam
1416 2770 1490 2809 nisi
1515 2770 1743 2820 sapientem
1785 2773 1979 2822 postremo
2006 2770 2110 2810 hunc
2136 2769 2264 2809 solum
2292 2768 2428 2815 civem,

189 2832 315 2873 solum
337 2831 512 2879 liberum,
546 2831 764 2884 insipientes
794 2845 927 2874 omnes
952 2832 1185 2885 peregrinos,
1215 2832 1359 2879 exules,
1391 2843 1532 2881 servos,
1558 2832 1776 2874 furiosos?“
1827 2835 1933 2874 Idem
1961 2833 2024 2887 (de
2044 2836 2111 2874 fin.
2138 2831 2191 2881 4.,
2216 2830 2300 2887 27.)
2327 2833 2428 2873 haec

191 2895 333 2937 habet:
361 2907 435 2944 „ex
458 2895 594 2936 iisdem
618 2896 826 2936 verborum
853 2897 1065 2949 praestigiis
1091 2894 1314 2950 (alloquitur
1334 2894 1522 2936 Catonem
1542 2898 1655 2948 eique
1677 2899 1886 2950 exprobrat
1902 2898 2033 2937 solitas
2052 2897 2275 2938 Stoicorum
2296 2898 2428 2949 spino-

188 2969 252 3000 sas
278 2962 318 3001 et
343 2960 456 3001 nimis
480 2960 707 3001 artificiosas
733 2961 1005 3011 conclusiones,
1030 2960 1188 3010 laqueos
1206 2957 1451 3012 Stoicorum‚)
1479 2962 1518 3000 et
1543 2971 1663 3010 regna
1689 2963 1795 3001 vobis
1818 2965 1911 3001 nata
1936 2963 2027 2999 sunt
2052 2964 2103 3000 et*
2118 2962 2284 3012 imperia
2312 2964 2352 3000 et
2370 2961 2427 3000 di·

188 3022 301 3062 vitiae
327 3025 367 3062 et
390 3025 524 3063 tantae
550 3022 718 3075 quidem,
743 3026 789 3064 ut
815 3034 960 3074 omnes,
986 3033 1086 3076 quae
1111 3022 1258 3075 ubique
1283 3023 1370 3074 sint,
1396 3023 1576 3076 sapientis
1603 3034 1687 3065 esse
1714 3023 1865 3072 dicatis;
1892 3023 2020 3066 solum
2045 3026 2254 3077 praeterea
2279 3023 2425 3066 formo-
