2634 3601
210 302 286 341 det.
340 298 477 348 Neque
502 298 665 341 mirum:
700 297 766 335 ubi
793 307 859 335 vos
886 297 1095 346 separatim
1122 298 1287 348 quisque
1314 299 1514 339 consilium
1542 294 1684 346 capitis,
1718 295 1786 336 ubi
1813 295 1917 336 domi
1943 295 2213 346 voluptatibus,
2244 295 2308 337 hic
2331 307 2446 348 pecu·

209 366 298 404 niae
323 363 392 400 aut
417 361 564 410 gratiae
592 359 750 405 servitis,
777 370 825 398 eo
853 360 911 406 fit,
938 362 984 399 ut
1010 361 1175 411 impetus
1201 362 1252 400 ab
1278 361 1452 401 hostibus
1480 361 1560 410 ejus
1587 358 1655 397 fiat
1680 357 1721 396 in
1745 368 1907 398 vacuam
1933 359 2224 408 rempublicam.

391 422 576 462 Videmus
611 421 652 459 in
683 420 745 460 his
777 422 949 461 animum
978 422 1133 462 Catonis
1166 422 1387 471 aequalium
1419 422 1590 462 moribus
1617 418 1822 466 infensum,
1857 420 1988 459 omnia
2012 419 2053 458 in
2078 420 2124 459 iis
2149 422 2449 473 improbantemz

204 490 324 536 atque
357 486 440 536 ipse
467 483 624 529 fatetur,
660 494 702 522 se
734 484 897 522 aliorum
928 484 1074 523 delictis
1105 485 1269 533 gratiam
1302 484 1431 524 facere
1456 494 1534 526 non
1560 481 1696 521 solere.
1749 480 1827 521 Sed
1851 484 1984 521 tamen
2009 481 2085 521 hac
2108 482 2192 532 ipsa
2217 484 2258 523 in
2283 496 2327 525 re
2354 485 2449 526 Cato

203 551 244 590 in
272 549 369 589 falso
398 545 710 598 deprehenditur,
737 555 864 594 neque
889 556 1049 594 prorsus
1077 546 1148 583 sibi
1176 546 1389 586 constabat.
1442 546 1542 586 Nam
1569 555 1692 595 quum
1716 543 1923 584 Murenam
1949 544 2116 584 ambitus
2143 551 2354 595 accusaret,
2380 560 2446 589 ex-

203 613 400 656 istimans,
426 621 516 648 eum
542 608 634 656 legis
661 606 709 645 de
735 606 883 645 ambitu
909 607 1005 646 fines
1031 608 1236 657 migrasse,
1263 607 1414 655 Silano,
1441 608 1583 648 sororis
1608 617 1704 647 suae
1729 608 1888 653 marito,
1914 618 2031 656 quem
2055 607 2159 647 idem
2177 608 2311 649 fecisse
2326 612 2449 660 probe

207 675 334 720 sciret,
374 675 472 712 teste
497 668 704 710 Plutarcho
741 665 843 721 (Vita
870 667 953 709 Cat.
980 669 1074 710 Min.
1104 681 1186 722 cap.
1212 666 1307 723 21.),
1346 671 1529 722 pepercit,
1566 669 1760 710 affinitatis
1792 669 1942 709 ratione
1976 668 2119 710 habita.
2174 669 2348 712 Concinit
2373 672 2449 714 hoc

210 748 300 778 cum
321 736 386 776 illo
405 734 598 775 Ciceronis
624 731 672 771 de
699 732 958 772 inconstantia
985 732 1141 772 Catonis
1165 733 1322 783 judicio,
1350 745 1472 785 quum
1498 734 1534 772 ei
1560 733 1756 784 objiceret,
1780 743 1870 772 eum
1889 732 1930 771 in
1948 733 2115 784 petendo
2135 736 2360 785 magistratu
2377 735 2447 776 ho-

207 802 332 840 mines
358 797 546 838 inferioris
573 795 717 834 ordinis
745 794 993 841 salutantem,
1034 799 1298 846 prensantem,
1338 798 1417 837 suis
1444 798 1571 848 ipsum
1596 796 1810 836 rationibus
1836 807 1916 836 non
1943 798 2131 836 constare.
2185 797 2297 838 Patet
2322 798 2449 849 igitur,

208 863 340 902 omnia
365 861 478 905 haec,
505 867 604 907 quae
631 856 680 895 de
708 855 856 895 Catone
882 858 1092 903 attulimus,
1120 869 1207 897 cum
1234 857 1430 898 Ciceronis
1458 859 1506 898 de
1533 869 1580 897 eo
1602 859 1747 908 judicio
1775 858 1990 898 consentire
2016 860 2056 897 et
2082 858 2186 899 hunc
2212 861 2251 899 in
2277 861 2450 900 oratione

208 929 343 966 nostra
374 934 446 975 pro
472 921 637 961 Murena
663 919 796 959 habita
821 931 982 970 prorsus
1009 924 1115 961 recte
1151 922 1197 961 de
1224 919 1379 962 Catonis
1405 922 1579 962 moribus
1606 921 1829 972 disputasse.

393 985 572 1026 Ceterum
599 982 705 1034 quod
731 982 963 1023 Plutarchus
992 984 1103 1023 nobis
1129 984 1283 1024 tradidit
1309 982 1397 1038 (Vit.
1423 983 1504 1025 Cat.
1534 995 1617 1036 cap.
1643 981 1749 1037 21.),
1780 982 1986 1031 Catonem,
2013 995 2134 1034 quum
2161 984 2385 1026 Ciceronem
2412 987 2451 1027 in

203 1051 346 1103 judicio
373 1050 427 1088 ita
454 1047 502 1086 de
528 1058 569 1085 se
597 1046 789 1085 dicentem
817 1046 982 1091 audiret,
1013 1046 1063 1085 ad
1091 1058 1170 1093 eos,
1197 1049 1261 1097 qui
1288 1049 1390 1087 circa
1416 1047 1613 1094 sedebant,
1641 1058 1868 1087 conversum
1896 1047 2055 1087 dixisse:
2090 1059 2209 1097 quam
2235 1049 2450 1095 ridiculum,

207 1115 331 1159 amici,
359 1111 556 1151 consulem
579 1107 790 1148 habemus!
817 1110 848 1148 si
874 1111 1084 1158 quaeritur,
1113 1111 1204 1160 quid
1230 1111 1278 1151 de
1304 1111 1380 1151 hoc
1407 1112 1488 1161 ejus
1515 1111 1618 1150 dicto
1642 1110 1894 1161 judicandum
1920 1122 2004 1150 esse
2030 1110 2224 1157 videatur,
2258 1111 2367 1152 facile
2388 1124 2449 1152 re-

205 1175 489 1229 spondebimus,
515 1172 608 1211 nihil
635 1171 740 1211 aliud
768 1172 803 1211 ei
830 1172 1024 1221 reliquum
1051 1172 1167 1212 fuisse
1194 1184 1311 1223 quam
1335 1176 1380 1214 ut
1405 1177 1445 1214 et
1470 1174 1552 1224 ipse
1579 1172 1775 1213 Ciceronis
1802 1173 1850 1213 de
1876 1184 1918 1213 se
1939 1172 2126 1223 ,iudicium
2153 1173 2327 1214 elevaret.
2374 1174 2449 1214 Sed

206 1249 340 1279 omnes
365 1237 423 1276 rei
449 1236 593 1286 peritos
620 1235 832 1285 intelligere
859 1245 1017 1274 necesse
1042 1238 1137 1280 erat,
1165 1234 1389 1276 Ciceronem
1415 1239 1520 1276 recte
1542 1236 1747 1286 Judicasse.

388 1298 466 1339 Sed
491 1298 567 1337 alia
588 1298 671 1348 jam
697 1298 809 1337 nobis
836 1298 1008 1337 nascitur
1026 1299 1212 1347 quaestio,
1239 1299 1324 1338 dico
1351 1300 1616 1349 quaestionem
1643 1299 1691 1339 de
1710 1297 1798 1344 fide,
1826 1307 1904 1347 qua
1922 1295 2057 1337 Cicero
2084 1298 2124 1337 in
2150 1301 2314 1340 oratoris
2331 1302 2448 1351 atque

206 1363 419 1417 philosophi
446 1374 610 1401 munere
637 1360 819 1400 obeundo
846 1360 984 1410 dignus
1009 1362 1203 1407 videatur;
1230 1373 1349 1411 quam
1374 1362 1669 1412 disputationem
1687 1361 1897 1411 suscipiens
1917 1362 2174 1411 praemittam,
2199 1374 2263 1402 me
2288 1364 2448 1403 strictim

205 1432 357 1471 tantum
387 1426 491 1466 hanc
524 1435 610 1464 rem
641 1423 831 1474 attingere
856 1432 984 1474 posse,
1030 1424 1122 1474 quia
1148 1424 1319 1474 alioquin
1348 1424 1522 1464 futurum
1549 1426 1661 1471 esset,
1702 1426 1747 1463 ut
1768 1423 1865 1462 haec
1895 1424 2085 1473 copiosius
2112 1426 2278 1464 tractata
2300 1436 2372 1465 nos
2399 1427 2447 1465 ab

205 1493 327 1533 altero
352 1488 553 1540 proposito
581 1488 730 1532 nostro,
757 1485 796 1523 id
823 1487 882 1524 est
906 1496 932 1525 a
959 1488 1228 1526 constituendo
1256 1489 1427 1538 sapiente
1454 1487 1684 1533 Christiano,
1711 1487 1825 1525 nimis
1851 1486 1966 1535 longe
1991 1487 2238 1525 abducerent.

240 1598 372 1648 Gap.
410 1594 478 1638 V.
533 1590 603 1632 De
624 1589 726 1644 fide,
755 1603 841 1644 qua
871 1587 1022 1632 Cicero
1047 1590 1094 1632 in
1120 1589 1307 1631 oratoris
1332 1592 1375 1631 et
1396 1589 1634 1645 philosophi
1659 1601 1833 1632 munere
1858 1588 2047 1631 obeundo
2073 1590 2226 1644 diqnus
2250 1588 2430 1631 videtur.

391 1676 539 1718 Mirum
555 1674 675 1714 videri
692 1676 833 1725 potest,
860 1673 967 1723 quod
985 1672 1141 1720 Cicero,
1169 1684 1289 1723 quum
1307 1673 1347 1713 in
1367 1675 1541 1714 oratione
1559 1676 1693 1714 nostra
1718 1673 1912 1713 verissime
1936 1675 1975 1712 et
2000 1672 2218 1712 acutissime
2237 1671 2285 1712 de
2304 1671 2450 1712 Stoico-

204 1754 293 1785 rum
320 1744 439 1791 atque
466 1738 623 1779 Catonis
651 1737 848 1776 erroribus
875 1736 1108 1783 disseruerit,
1143 1735 1240 1775 haec
1266 1736 1347 1787 ipse
1372 1736 1522 1777 videtur
1546 1736 1766 1788 improbare
1792 1737 1831 1775 in
1858 1736 1914 1783 iis,
1949 1745 2051 1785 quae
2085 1746 2127 1774 se
2158 1736 2197 1773 in
2233 1737 2372 1784 quarto
2403 1736 2451 1774 de

207 1807 348 1846 finibus
375 1804 488 1847 libro,
526 1812 610 1850 cap.
637 1797 703 1838 21.
735 1800 785 1838 ad
812 1799 999 1838 Catonem
1026 1800 1213 1838 dicentem
1240 1799 1350 1837 facit:
1392 1811 1495 1845 „non
1521 1811 1593 1849 ego
1620 1790 1749 1838 tecum
1768 1800 1850 1848 jam
1878 1800 1931 1837 ita
1951 1799 2127 1847 jocabor,
2162 1802 2206 1836 ut
2231 1799 2363 1838 iisdem
2390 1799 2449 1837 his

207 1871 255 1910 de
282 1868 413 1912 rebus,
448 1875 539 1904 cum
565 1863 608 1902 L.
635 1862 853 1909 Murenam,
879 1864 918 1902 te
944 1863 1162 1908 accusante,
1189 1860 1453 1909 defenderem
1486 1862 1590 1914 apud
1616 1861 1813 1913 imperitos
1838 1864 1921 1902 tum
1948 1861 2011 1901 illa
2038 1861 2139 1902 dicta
2166 1863 2274 1908 sunt3
2306 1861 2447 1913 aliquid

209 1933 325 1972 etiam
354 1937 523 1968 coronae
550 1924 701 1970 datum;
736 1935 840 1963 nunc
864 1923 1057 1974 agendum
1084 1924 1297 1963 subtilius.“
1349 1923 1456 1964 Haec
1487 1926 1604 1965 verba
1637 1936 1717 1964 non
1748 1923 1933 1974 ejusmodi
1968 1926 2068 1970 sunt,
2103 1926 2146 1962 ut
2171 1925 2446 1968 demonstrent,

208 1995 435 2034 Ciceronem
463 1989 533 2028 sibi
560 1988 630 2037 ipsi
656 1997 736 2025 non
763 1987 985 2024 constitisse.
1038 1986 1107 2024 His
1134 1996 1181 2025 ea
1205 1987 1360 2025 minime
1388 1988 1601 2033 damnavit,
1637 1998 1737 2037 quae
1764 1988 1803 2026 in
1829 1987 1893 2025 illa
1918 1988 2094 2026 oratione
2121 1987 2288 2032 dixerat;
2327 1988 2444 2027 simu-

207 2057 298 2096 latio
324 2054 453 2104 potius
485 2052 525 2089 in
551 2050 609 2089 his
637 2050 736 2089 inest
762 2049 842 2094 illa,
881 2049 990 2098 cujus
1017 2049 1301 2088 amantissimus
1328 2053 1423 2096 erat,
1455 2060 1533 2098 qua
1561 2051 1646 2098 quis
1674 2050 1785 2090 aliter
1811 2050 1995 2099 loquitur,
2022 2050 2133 2089 aliter
2159 2061 2293 2089 revera
2319 2051 2443 2090 sentit.

204 2120 281 2160 Pro
309 2113 548 2157 humanitate
575 2123 622 2152 ea
647 2113 765 2161 atque
790 2110 1022 2157 urbanitate,
1050 2120 1127 2160 qua
1148 2110 1188 2149 in
1208 2111 1529 2162 disputationibus
1549 2113 1627 2152 suis
1652 2115 1720 2151 aut
1741 2113 1823 2163 ipse
1842 2112 2062 2162 saepissime
2083 2113 2213 2158 utitur,
2239 2115 2308 2151 aut
2326 2122 2443 2162 quam

204 2182 298 2227 aliis,
327 2187 425 2229 quos
452 2176 714 2225 colloquentes
741 2173 843 2218 facit,
869 2174 1040 2212 tribuere
1067 2173 1176 2217 solet,
1205 2174 1341 2213 Catoni
1369 2175 1512 2224 aliquid
1540 2176 1639 2224 grati
1666 2175 1793 2213 dicere
1818 2175 1939 2213 voluit
1965 2184 2131 2222 eumque
2157 2175 2228 2213 sibi
2256 2176 2365 2223 quasi
2383 2185 2443 2214 re-

202 2243 418 2284 conciliare.
470 2239 609 2278 Jocose
625 2241 711 2276 tum
729 2247 822 2275 sane
840 2236 990 2275 locutus
1010 2239 1079 2282 est,
1100 2236 1167 2276 sed
1185 2237 1234 2276 ad
1254 2238 1456 2277 consilium
1470 2238 1644 2277 vincendi
1663 2237 1954 2277 accommodate
1971 2239 2088 2286 atque
2105 2237 2221 2276 etiam
2238 2238 2442 2279 verissime.

386 2302 565 2343 Forsitan
593 2300 710 2340 etiam
737 2299 874 2349 aliquis
901 2298 1128 2339 Ciceronem
1160 2298 1244 2339 falsi
1278 2302 1417 2351 arguat
1451 2311 1538 2339 eam
1572 2300 1622 2339 ob
1658 2310 1827 2347 causam,
1860 2299 1965 2351 quod
1989 2299 2195 2339 Murenam
2221 2298 2444 2348 defenderit,

205 2381 296 2408 sane
325 2367 460 2417 culpae
487 2377 569 2405 non
595 2368 678 2403 tam
705 2366 917 2413 expertem,
947 2373 1066 2412 quam
1094 2362 1228 2402 Cicero
1256 2374 1347 2403 eum
1374 2362 1520 2409 fecerit,
1547 2375 1670 2412 quum
1689 2364 1837 2414 Judices
1858 2367 1943 2403 tum
1965 2374 2051 2404 eam
2072 2374 2192 2403 unam
2212 2363 2262 2402 ob
2286 2375 2442 2405 causam

204 2443 293 2473 eum
321 2428 563 2474 absolverint,
597 2425 704 2477 quod
730 2436 958 2476 persuasum
985 2425 1220 2473 habuissent,
1253 2426 1395 2466 fortem
1422 2437 1513 2467 eum
1540 2430 1676 2467 contra
1704 2426 1906 2467 Catilinam
1933 2426 2130 2468 consulem
2157 2425 2329 2467 futurum
2359 2440 2442 2468 esse

203 2493 451 2548 (Freinshem.
479 2491 530 2530 ad
555 2491 635 2529 Liv.
666 2484 769 2535 102,
795 2485 859 2527 88.
888 2486 1047 2535 Quintil.
1074 2488 1151 2534 vl„
1179 2486 1226 2535 l.,
1252 2484 1316 2528 35.
1343 2490 1443 2528 Plut.
1472 2489 1554 2528 Cat.
1575 2490 1670 2529 Min.
1698 2500 1730 2528 c.
1757 2487 1856 2543 21.);
1884 2490 1951 2528 sed
1976 2490 2328 2540 praetermittamus
2353 2492 2439 2536 hoc,

202 2560 291 2607 quia
318 2556 411 2595 nihil
439 2555 532 2593 certi
560 2553 609 2592 de
637 2563 684 2591 ea
711 2562 755 2590 re
784 2554 945 2590 constat.
1001 2550 1077 2590 Sed
1103 2551 1191 2596 alia,
1216 2563 1453 2601 quamquam
1481 2553 1644 2599 minora,
1682 2553 1723 2592 in
1748 2552 1822 2592 hac
1854 2554 2028 2595 oratione
2052 2553 2193 2598 insunt,
2231 2553 2272 2592 in
2299 2554 2438 2602 quibus

203 2621 335 2661 Cicero
368 2629 392 2659 a
426 2628 468 2658 se
494 2617 576 2667 ipse
603 2615 806 2665 discrepat.
862 2612 1006 2654 Contra
1032 2612 1137 2654 Serv.
1171 2612 1381 2665 Sulpicium
1415 2617 1598 2656 extenuat
1632 2615 1852 2667 dignitatern
1884 2614 2065 2656 scientiae
2091 2615 2188 2666 Juris
2221 2618 2338 2666 atque
2369 2626 2437 2668 pa-

203 2694 288 2721 rum
314 2682 459 2732 gratiae
485 2682 604 2729 atque
630 2676 869 2717 auctoritatis
896 2686 942 2715 ea
968 2677 1098 2726 parari
1125 2676 1215 2714 dicit
1240 2677 1291 2715 ad
1316 2678 1577 2727 assequendos
1603 2678 1782 2722 honores,
1809 2688 1930 2726 quum
1955 2679 2084 2716 multis
2109 2679 2191 2716 aliis
2217 2689 2240 2716 e
2258 2678 2350 2716 locis
2368 2689 2435 2728 ap-

205 2748 349 2794 pareat,
374 2745 571 2783 scientiam
588 2743 687 2793 juris
714 2740 909 2780 maximae
936 2737 1258 2779 commendationi
1287 2739 1403 2781 fuisse
1437 2743 1476 2781 et
1501 2741 1668 2792 plurima
1694 2740 1783 2780 huic
1807 2740 1932 2780 studio
1959 2741 2158 2791 proposita
2184 2740 2300 2780 fuisse
2324 2751 2437 2791 prae-

208 2808 294 2846 mia.
346 2806 492 2846 Deinde
519 2807 559 2846 in
586 2803 827 2846 aestimanda
854 2801 1010 2842 Catonis
1037 2800 1225 2848 Censorii,
1265 2804 1398 2852 proavi
1424 2806 1545 2843 nostri
1573 2804 1750 2849 Catonis,
1788 2813 1952 2853 persona
1978 2802 2113 2842 Cicero
2139 2805 2272 2853 aperte
2298 2814 2323 2842 a
2347 2816 2439 2845 vero

207 2869 405 2908 aberravit.
457 2870 631 2909 Primum
662 2879 688 2909 a
722 2878 764 2907 se
797 2866 879 2917 ipse
905 2863 1061 2904 dissidet
1090 2864 1164 2903 hac
1190 2865 1230 2905 in
1254 2876 1317 2913 re,
1351 2878 1470 2916 quum
1497 2868 1572 2907 alio
1599 2868 1686 2907 loco
1711 2866 1826 2906 aliam
1853 2866 1894 2905 in
1918 2869 2070 2917 partem
2096 2866 2145 2905 de
2172 2876 2220 2905 eo
2247 2865 2438 2917 loquatur.

204 2931 296 2981 Cap.
321 2927 385 2968 Q,
412 2930 513 2977 dicit,
539 2942 629 2969 eum
654 2929 875 2969 incubuisse
908 2927 957 2967 ad
984 2927 1194 2976 perniciem
1220 2926 1379 2974 Galbae,
1407 2929 1511 2978 quod
1537 2939 1631 2969 sane
1657 2940 1736 2968 non
1763 2932 1820 2968 est
1847 2929 2113 2972 humanitatis;
2142 2938 2223 2977 cap.
2250 2924 2315 2969 31.
2343 2941 2436 2970 eun-
