2634 3601
177 332 400 382 sapientem.
458 332 586 371 Etiam
623 333 661 370 in
693 331 801 370 acad.
837 332 997 382 priorib.
1034 343 1066 371 c.
1093 327 1158 371 43.
1190 329 1255 371 44.
1289 332 1389 372 hanc
1415 331 1558 371 Zenoni
1590 328 1724 368 tribuit
1756 329 2003 368 sententiam:
2044 329 2226 379 sapientis
2253 329 2424 369 animum

177 403 374 442 nunquam
412 405 485 433 nec
522 394 731 444 cupiditate
758 396 905 434 moveri
934 407 1007 434 nec
1041 396 1184 434 laetitia
1208 396 1353 440 efferri;
1392 397 1457 435 ubi
1485 395 1617 434 Cicero
1644 393 1742 432 haec
1767 393 1891 431 addit:
1926 401 2049 439 „age‚
2087 391 2185 430 haec
2210 392 2424 443 probabilia

176 465 268 494 sane
295 455 392 494 sint:
428 467 524 496 num
552 457 670 497 etiam
698 453 794 496 illa?
829 467 1029 505 nunquam
1056 457 1205 502 timere,
1233 467 1433 505 nunquam
1461 452 1617 496 dolere?
1652 454 1855 506 sapiensne
1881 465 1961 493 non
1988 450 2148 492 timeat?
2184 466 2274 501 nec,
2300 455 2332 494 si
2357 465 2426 506 pa-

175 518 249 558 tria
277 518 472 567 deleatur,
500 531 580 560 non
607 516 766 560 doleat?
810 517 909 558 Satis
937 518 1100 564 durum;
1136 519 1204 558 sed
1230 518 1378 559 Zenoni
1404 519 1699 560 necessarium.“

363 582 491 619 Etiam
528 582 695 625 Seneca,
735 583 779 618 ut
812 580 985 624 Stoicus,
1025 583 1174 629 pugnat
1209 583 1345 619 contra
1378 582 1702 628 misericordiam,
1745 592 1865 630 quum
1901 579 2143 619 clementiam
2177 577 2318 615 laudet.
2379 577 2424 616 In

177 642 351 682 secundo
379 642 427 683 de
455 643 656 684 clementia
684 642 781 682 libro
811 651 843 682 c.
872 638 910 682 4.
946 638 983 682 5.
1013 642 1066 683 ita
1093 641 1262 682 disserit:
1305 642 1390 690 „ad
1416 655 1500 684 rem
1525 644 1692 695 pertinet
1717 643 1793 684 hoc
1816 643 1923 690 loco,
1962 641 2054 692 quid
2081 641 2130 681 sit
2155 639 2427 680 misericordia.

179 704 360 755 Plerique
387 708 489 745 enim
524 709 568 746 ut
593 707 771 745 virtutem
799 715 886 743 eam
914 705 1073 745 laudant
1109 708 1148 744 et
1174 706 1320 745 bonum
1348 706 1544 746 hominem
1578 710 1718 746 vocant
1743 705 2040 745 misericordem.
2095 706 2148 743 At
2173 704 2271 742 haec
2295 703 2429 742 vitium

182 767 298 806 animi
327 770 396 807 est.
449 768 580 807 Vitare
608 768 804 812 debemus,
842 778 891 805 ne
924 779 995 816 per
1026 769 1193 817 speciem
1220 768 1444 807 clementiae
1477 771 1516 807 in
1551 771 1854 808 misericordiam
1879 768 2103 806 incidamus.
2163 765 2429 805 Misericordia

180 831 237 868 est
265 830 400 870 vitium
427 829 550 881 pusilli
578 829 715 876 animi,
754 829 804 869 ad
829 828 997 880 speciem
1031 829 1243 869 alienorum
1270 830 1463 871 malorum
1491 831 1729 872 succidentis.
1783 831 1918 883 ltaque
1950 830 2115 881 pessimo
2153 829 2293 880 cuique
2318 826 2428 868 fami·

180 894 382 931 liarissima
416 897 484 932 est.
535 896 645 931 Anus
679 896 718 931 et
754 893 1006 930 mulierculae
1038 896 1147 939 sunt,
1191 903 1288 942 quae
1322 894 1489 932 lacrimis
1524 895 1886 933 nocentissimorum
1923 895 2136 932 moventur.
2192 892 2293 939 Scio,
2327 889 2429 930 male

179 956 314 996 audire
350 956 451 1006 apud
486 955 684 1005 imperitos
712 957 859 994 sectam
888 954 1109 994 Stoicorum
1141 959 1325 1005 tanquam
1351 957 1463 994 nimis
1492 957 1642 996 duram.
1697 957 1888 1007 Objicitur
1916 958 2018 995 enim
2045 957 2115 1003 illi,
2143 956 2249 1005 quod
2276 955 2426 1005 sapien-

179 1022 258 1059 tem
285 1022 399 1070 negat
425 1019 617 1065 misereri,
646 1020 762 1069 negat
784 1018 996 1069 ignoscere.
1051 1018 1158 1059 Haec
1185 1021 1214 1059 si
1241 1031 1310 1070 per
1337 1031 1378 1059 se
1404 1022 1620 1070 ponantur,
1656 1021 1775 1060 invisa
1801 1022 1912 1059 sunt:
1947 1019 2124 1059 videntur
2151 1019 2254 1058 enim
2282 1017 2427 1057 nullam

180 1092 286 1132 spem
314 1082 533 1131 relinquere
558 1081 737 1120 humanis
766 1081 984 1126 erroribuS,
1016 1081 1083 1120 sed
1109 1083 1238 1121 omnia
1264 1082 1401 1121 delicta
1428 1081 1477 1121 ad
1503 1092 1672 1132 poenam
1699 1081 1900 1122 deducere.
1956 1080 2032 1121 Sed
2058 1080 2163 1121 nulla
2189 1082 2294 1120 secta
2320 1079 2427 1120 beni·

180 1145 290 1193 gnior
322 1144 520 1192 leniorque
552 1146 628 1189 est,
663 1143 770 1181 nulla
803 1144 997 1182 amantior
1031 1144 1232 1182 hominum
1267 1148 1305 1182 et
1339 1146 1606 1183 communibus
1641 1146 1752 1184 bonis
1778 1146 1997 1183 attentior.“
2051 1144 2346 1190 „Misericordia
2370 1146 2429 1182 est

179 1207 378 1257 aegritudo
406 1206 523 1245 animi
552 1207 602 1246 ob
631 1206 845 1246 alienarum
875 1207 1119 1246 miseriarum
1148 1208 1331 1258 speciem;
1368 1209 1452 1255 aut,
1478 1208 1630 1248 tristitia
1657 1220 1706 1248 ex
1734 1208 1865 1248 alienis
1891 1207 2001 1247 malis
2029 1210 2238 1247 contracta.
2291 1207 2427 1257 Aegri-

180 1270 274 1308 tudo
307 1272 439 1308 autem
471 1270 509 1309 in
543 1270 760 1319 sapientem
793 1271 918 1308 virum
951 1281 1031 1309 non
1066 1271 1184 1315 cadit;
1218 1281 1354 1310 serena
1389 1271 1470 1320 eius
1502 1281 1611 1309 mens
1645 1273 1724 1318 est,
1758 1281 1832 1309 nec
1858 1270 2069 1320 quidquam
2095 1269 2264 1308 incidere
2289 1270 2429 1319 potest,

181 1332 284 1382 quod
318 1332 422 1371 illam
455 1332 637 1371 obducat.
692 1331 869 1371 Eandem
905 1344 1059 1383 semper
1092 1333 1229 1372 faciem
1262 1334 1444 1379 servabit,
1477 1333 1684 1384 placidam,
1717 1334 2005 1379 inconcussam;
2048 1333 2153 1383 quod
2188 1332 2316 1371 facere
2352 1341 2431 1370 non

181 1398 329 1447 posset,
358 1396 388 1434 si
415 1395 610 1434 tristitiam
637 1395 865 1445 reciperet.“
918 1396 963 1434 In
992 1397 1237 1446 sequentibus
1265 1395 1411 1436 Seneca
1438 1407 1556 1447 porro
1583 1397 1708 1447 pergit
1733 1396 1900 1447 plurima
1926 1396 2114 1436 disserere
2138 1396 2187 1435 (16
2213 1394 2431 1434 Stoicorum

182 1469 274 1508 erga
301 1459 395 1497 alios
423 1458 700 1503 benivolentia;
738 1469 853 1508 opem
881 1470 948 1498 eos
975 1459 1076 1498 serre
1102 1459 1382 1505 laborantibus,
1410 1462 1448 1498 et
1476 1471 1575 1509 quae
1603 1459 1677 1499 alia
1706 1462 1795 1498 sunt
1820 1459 2061 1510 hujusmodi,
2089 1459 2157 1498 sed
2183 1458 2308 1504 addit,
2334 1457 2432 1496 haec

181 1534 247 1561 eos
281 1533 360 1560 non
396 1520 524 1560 iacere
561 1521 827 1560 misericordia
859 1525 998 1560 motos.
1053 1522 1204 1561 Perstat
1238 1524 1276 1561 in
1309 1534 1375 1569 eo,
1410 1523 1712 1562 misericordiam
1747 1532 1830 1560 esse
1864 1523 2083 1561 animorum
2115 1521 2227 1560 nimis
2255 1519 2431 1559 miseriae

181 1586 410 1628 faventium;
454 1583 759 1621 misericordiam
792 1584 956 1622 vicinam
993 1595 1077 1622 esse
1109 1584 1178 1633 ipsi
1214 1585 1401 1623 miseriae.
1465 1585 1542 1623 Sed
1573 1585 1671 1623 haec
1702 1596 1724 1622 e
1751 1584 1921 1622 Senecae
1952 1584 2057 1622 libris
2087 1584 2135 1622 de
2169 1582 2429 1622 misericordia

183 1648 297 1687 allata
328 1646 541 1691 sufficiant;
577 1656 670 1684 sane
702 1657 784 1685 non
818 1646 917 1685 bene
951 1646 1052 1686 inter
1085 1658 1127 1686 se
1162 1650 1397 1697 congruunt;
1432 1647 1501 1687 sed
1528 1648 1644 1687 etiam
1678 1647 1726 1687 de
1751 1646 1810 1686 his
1845 1647 1885 1686 in
1911 1647 2158 1697 sequentibus
2187 1657 2315 1686 meam
2341 1657 2428 1685 sen-

181 1712 341 1750 tentiam
367 1719 598 1759 proponam.

372 1771 549 1819 Denique
585 1770 814 1820 scriptorem
851 1769 1044 1810 Graecum
1078 1771 1238 1810 afferam
1273 1775 1429 1819 testem,
1470 1773 1535 1822 qui
1568 1772 1669 1811 idem
1711 1771 1820 1818 dicit,
1859 1771 1982 1811 fixum
2016 1772 2055 1809 et
2088 1772 2276 1809 statutum
2311 1769 2428 1810 fuisse

186 1836 345 1881 Stoicis,
381 1836 594 1884 sapientem
630 1845 710 1872 non
741 1845 824 1873 esse
851 1835 1156 1880 misericordem,
1190 1835 1402 1885 Diogenem
1428 1836 1636 1874 Laertium.
1698 1835 1772 1874 Hic
1798 1835 1895 1873 libro
1923 1834 2104 1884 septimo,
2138 1834 2202 1883 qui
2231 1832 2280 1872 de
2305 1834 2428 1872 tribus

187 1898 343 1943 Stoicis,
381 1897 428 1936 de
456 1897 631 1944 Zenone,
663 1897 711 1936 (16
746 1896 928 1937 Cleanthe
964 1900 1081 1948 atque
1109 1897 1319 1949 Chrysippo
1352 1899 1430 1949 agit
1458 1896 1505 1952 (ξ.
1536 1895 1622 1938 lll.
1651 1900 1689 1938 et
1718 1892 1821 1951 123.)
1853 1897 1923 1937 has
1957 1897 2162 1937 sententias
2190 1895 2327 1936 Stoicis
2361 1898 2429 1936 tri-

190 1962 289 1999 buit:
318 1960 522 2006 „dolorem
551 1971 634 1999 esse
663 1961 965 1999 contractionem
994 1961 1108 1999 animi
1137 1972 1226 1999 cum
1252 1962 1403 2000 ratione
1429 1964 1685 2012 pugnantem;
1721 1971 1865 2011 genera
1896 1962 2027 1999 autem
2062 1960 2144 2010 ejus
2171 1970 2255 1999 esse
2282 1960 2429 1999 miseri-

189 2024 372 2069 cordiam,
401 2023 579 2062 invidiam
608 2025 679 2062 etc.
734 2022 881 2061 Stoicos
910 2024 1175 2063 misericordes
1202 2036 1280 2063 non
1310 2036 1392 2063 esse
1420 2027 1458 2063 et
1485 2025 1628 2064 nemini
1656 2025 1872 2074 ignoscere3
1906 2035 1987 2063 non
2013 2024 2116 2062 enim
2142 2024 2339 2063 remittere
2365 2035 2432 2063 eos

186 2097 345 2138 poenas,
373 2096 473 2136 quae
501 2086 613 2125 alicui
641 2097 663 2125 6
690 2086 774 2136 lege
801 2085 929 2135 aliqua
954 2087 1202 2133 conveniant;
1237 2097 1304 2127 eos
1331 2087 1475 2126 nemini
1504 2087 1642 2127 cedere
1669 2089 1709 2127 et
1735 2087 1858 2138 ipsam
1885 2085 2189 2126 misericordiam
2215 2086 2265 2126 ab
2293 2097 2431 2127 eorum

186 2151 323 2189 animis
351 2150 515 2188 alienam
544 2153 663 2187 esse.“
715 2149 774 2186 Ita
800 2149 915 2197 igitur
942 2149 1046 2188 Zeno
1074 2151 1282 2196 sentiebat3
1325 2150 1392 2188 sed
1420 2151 1469 2196 is,
1505 2152 1570 2200 qui
1607 2152 1677 2189 sibi
1705 2151 1915 2196 interdicit,
1948 2161 1998 2188 ne
2030 2149 2109 2187 ullo
2144 2149 2431 2189 misericordiae

168 2224 301 2252 -sensu
329 2214 547 2258 moveatur,
574 2211 657 2250 sine
685 2210 803 2249 dubio
832 2212 990 2250 omnino
1018 2211 1210 2259 horridus,
1237 2223 1362 2263 asper,
1392 2213 1526 2260 durus,
1552 2214 1801 2253 intractabilis
1828 2214 1921 2258 erit;
1949 2213 2078 2262 itaque
2098 2211 2318 2252 Stoicorum
2345 2223 2428 2251 mo·

170 2274 245 2316 'res
269 2276 559 2320 inhumanitate,
587 2274 805 2324 asperitate,
832 2273 1042 2313 admodum
1069 2275 1244 2314 insuaves
1273 2278 1396 2323 erant,
1423 2276 1462 2314 id
1488 2275 1594 2326 quod
1624 2276 1741 2315 etiam
1768 2287 1817 2315 ex
1843 2275 1900 2322 iis,
1927 2285 2027 2325 quae
2054 2275 2102 2315 de
2121 2274 2285 2315 Zenonis
2312 2276 2430 2324 atque

187 2340 339 2377 Catonis
375 2339 618 2387 aliorumque
654 2336 873 2374 Stoicorum
915 2339 1089 2386 personis
1123 2337 1348 2385 traduntur,
1386 2341 1559 2390 apparet.
1631 2338 1734 2378 Nihil
1769 2339 1987 2389 ignoscere,
2028 2337 2120 2377 nihil
2153 2337 2301 2388 gratiae
2334 2336 2428 2377 dare

185 2402 306 2441 fixum
333 2402 377 2442 iis
405 2404 499 2440 erat.
529 2398 656 2452 (Diog.
683 2398 812 2438 Laert.
841 2395 878 2444 7,
908 2396 996 2438 122.
1027 2395 1144 2451 123).

371 2462 454 2502 Hac
488 2462 536 2502 de
571 2473 614 2501 re
642 2460 778 2501 Cicero
814 2461 894 2512 ipse
930 2461 1026 2501 haec
1059 2462 1196 2502 habet:
1233 2460 1399 2516 (Quibus
1435 2463 1484 2503 de
1519 2461 1658 2516 causis)
1687 2461 1803 2502 Stoici
1835 2461 2070 2502 horridiores
2098 2462 2283 2511 evadunt,
2317 2474 2427 2515 aspe-

185 2529 327 2572 riores,
363 2526 537 2565 duriores
566 2528 604 2565 et
631 2525 809 2564 oratione
847 2528 885 2564 et
912 2526 1095 2565 moribus,
1151 2524 1280 2575 Quam
1314 2526 1468 2567 illorum
1495 2527 1688 2567 tristitiam
1716 2523 2009 2580 (morositatem)
2037 2528 2154 2577 atque
2180 2528 2427 2580 asperitatem

184 2592 330 2641 fugiens
357 2591 563 2630 Panaetius
590 2590 841 2629 acerbitatem
869 2591 1144 2629 sententiarum
1179 2602 1257 2630 non
1281 2592 1458 2641 probavit
1491 2594 1530 2631 et
1556 2591 1628 2631 fuit
1654 2592 1793 2630 mitior.
1827 2589 1902 2642 (De
1928 2590 2032 2629 finib.
2060 2591 2097 2629 b.
2130 2594 2169 2630 et
2195 2603 2246 2631 m.
2272 2589 2320 2639 4,
2346 2587 2428 2644 28.)

188 2654 301 2694 Stoici
335 2655 404 2705 ipsi
441 2654 568 2693 dicere
604 2653 798 2699 solebant,
837 2663 971 2692 omnes
1003 2654 1150 2692 virtutis
1185 2655 1375 2694 studiosos
1406 2655 1569 2694 acerbos
1604 2657 1644 2694 et
1677 2654 1795 2693 duros
1828 2664 1932 2699 esse,
1965 2654 2107 2705 quippe
2134 2655 2200 2705 qui
2225 2647 2352 2705 neque
2378 2655 2428 2694 ab

189 2717 270 2756 aliis
297 2720 516 2767 exspectent
541 2718 727 2767 gratiam,
754 2718 800 2755 ut
827 2715 889 2754 alii
917 2716 988 2754 sibi
1015 2716 1245 2767 largiantur,
1273 2729 1374 2768 quae
1399 2719 1490 2770 ipsis
1516 2719 1714 2770 placeant,
1739 2727 1866 2766 neque
1892 2717 1964 2767 ipsi
1989 2718 2132 2768 aliquid
2162 2719 2310 2769 gratiae
2337 2728 2428 2758 oon-

190 2780 327 2820 cedant
353 2780 444 2819 aliis.
472 2779 598 2832 (Diog.
626 2780 756 2830 Lacrt.
786 2776 823 2826 7,
854 2776 957 2832 117.)

374 2840 553 2881 Ceterum
590 2844 710 2893 ipsius
742 2842 907 2882 Zenonis
950 2853 1117 2893 persona
1156 2842 1292 2883 eodem
1324 2841 1499 2893 Diogene
1535 2841 1689 2882 Laii-rtio
1732 2844 1892 2883 auctore
1926 2843 2085 2884 minime
2119 2845 2204 2883 erat
2241 2843 2426 2885 amabilis.

187 2903 338 2942 iudicio
370 2903 451 2953 ejus
482 2906 731 2955 adstipulatur
761 2906 997 2946 Athenaeus.
1052 2905 1222 2955 Uterque
1257 2906 1305 2946 de
1335 2906 1416 2954 eius
1450 2906 1625 2944 moribus
1659 2907 1922 2950 consentiunt;
1962 2906 2095 2945 dicunt
2131 2916 2222 2944 eum
2255 2906 2295 2944 in
2330 2907 2426 2946 alios

185 2975 266 3008 non
294 2965 419 3008 solum
446 2977 631 3016 severum,
655 2980 790 3011 verum
817 2968 933 3011 etiam
962 2968 1148 3011 acerbum
1174 2968 1308 3018 fuisse,
1335 2967 1496 3017 durum,
1522 2968 1749 3018 molestum,
1778 2980 1998 3017 morosum,
2031 2971 2230 3011 contracta
2255 2971 2425 3022 plerum·
