2634 3601
192 320 368 371 spectare
393 316 592 356 debemus.
645 311 844 360 Quidquid
870 323 952 352 non
977 315 1154 364 oportet,
1181 313 1306 353 scelus
1333 324 1434 359 esse,
1460 311 1644 363 quidquid
1670 323 1751 353 non
1777 314 1887 360 licet,
1913 313 2022 353 nefas
2047 318 2188 364 putare
2214 314 2437 354 debemus.“

191 380 431 427 „„Etiamne
456 377 497 415 in
520 375 686 414 minimis
713 372 925 413 rebus?““
978 375 1177 422 „Etiam“
1226 376 1354 415 Antea
1381 375 1497 415 etiarn
1522 375 1595 415 hac
1621 375 1866 416 conclusione
1891 385 1984 414 usus
2011 378 2096 415 erat
2122 375 2258 416 Cicero
2284 375 2334 430 (ξ.
2364 373 2435 429 l.):

191 440 373 489 „Quodsi
398 440 559 478 virtutes
585 448 703 488 pares
738 439 829 475 sunt
854 438 955 475 inter
981 448 1045 483 se,
1076 439 1187 487 paria
1219 446 1304 475 esse
1330 437 1447 476 etiam
1470 438 1558 476 vitia
1583 446 1741 476 necesse
1767 439 1845 482 est;
1879 437 1988 487 atqui
2013 447 2127 488 pares
2155 448 2240 477 esse
2265 439 2436 484 virtutes,

155 530 160 536 κ
191 513 265 545 nec
291 502 397 542 bono
423 502 508 541 viro
538 500 752 546 meliorem,
779 510 852 539 nec
877 501 1119 549 temperante
1142 498 1495 549 temperantiorem,
1521 511 1593 539 nec
1620 499 1711 539 forti
1737 500 1956 546 fortiorem,
1987 512 2060 539 nec
2087 501 2260 550 sapiente
2285 503 2435 551 sapien-

191 566 333 605 tiorem
368 574 484 615 posse
515 563 619 609 fieri,
653 560 830 599 facillime
862 562 990 610 potest
1021 561 1198 611 perspici.
1252 560 1395 601 Postea
1431 563 1484 603 ita
1518 561 1729 603 concludit:
1764 563 1939 614 sequitur
1965 562 2100 613 igitur,
2136 564 2181 602 ut
2207 562 2325 603 etiam
2352 563 2443 604 vitia

193 630 271 669 sint
295 628 442 678 paria.“
497 624 573 664 Sed
608 623 719 662 aliter
746 622 930 672 judicavit
964 624 1004 661 in
1029 623 1114 662 libr.
1142 624 1208 662 111.
1236 623 1286 662 de
1313 628 1488 671 oratore,
1524 636 1555 663 c.
1586 622 1648 664 14.
1676 626 1748 664 ita:
1785 635 2055 675 „quamquam
2082 628 2173 664 sunt
2207 635 2342 664 omnes
2367 627 2442 665 vir-

194 694 298 732 tutes
325 688 507 739 aequales
534 690 574 728 et
598 696 732 738 pareS‚
759 684 827 724 sed
855 686 981 737 specie
1007 688 1140 726 tamen
1166 688 1224 726 est
1249 686 1325 726 alia
1351 688 1474 738 magis
1501 688 1576 728 alia
1603 687 1775 729 formosa
1807 692 1847 729 et
1873 688 2066 729 illustris.“
2095 710 2150 717 —
2192 687 2268 728 Sed
2296 692 2443 738 quanto

193 756 282 805 iure
309 754 374 793 illa
406 753 454 792 de
485 749 757 800 aequabilitate
784 750 970 789 virtutum
1003 752 1121 799 atque
1147 751 1326 789 vitiorum
1353 753 1500 790 statuat
1526 750 1680 798 Cicero,
1710 755 1846 803 postea
1868 751 2099 797 videbimus;
2132 751 2195 791 hic
2227 752 2266 791 id
2292 753 2443 792 tantum

197 817 376 858 volumus
408 818 537 855 ratum
570 813 731 858 habere,
766 822 858 852 eum
893 812 1103 852 identidem
1135 812 1270 853 Stoicis
1306 813 1409 852 hanc
1440 815 1669 854 sententiam
1704 816 1894 855 tribuisse.
1954 814 2103 853 Deinde
2145 815 2207 854 alii
2237 815 2312 854 loci
2354 818 2444 854 sunt

197 879 303 932 apud
328 878 552 919 Ciceronem
579 876 626 916 de
654 874 887 924 aequalitate
913 877 1187 926 peccatorum,
1220 875 1286 916 sed
1312 876 1428 923 tales,
1465 877 1505 916 in
1532 877 1672 927 quibus
1700 881 1835 919 contra
1862 877 2011 919 Stoicos
2038 877 2218 929 disputat.
2271 879 2316 919 In
2342 878 2443 919 libro

197 946 337 996 quarto
365 943 413 982 de
439 941 543 981 finib.
573 951 605 979 c.
631 935 697 979 27.
724 935 789 978 28.
816 938 913 978 haec
940 939 1141 990 leguntur:
1178 940 1341 987 „omnia
1374 942 1534 990 peccata
1559 941 1670 991 paria
1691 941 1840 988 ‘dicitis;
1875 952 2046 991 quonam
2072 939 2219 981 modo?
2253 943 2345 991 quia
2372 953 2443 981 nec
2499 969 2502 972 .

197 1009 360 1047 honesto
396 1004 606 1054 quidquam
638 1002 859 1047 honestius,
892 1012 967 1040 nec
998 1003 1102 1053 turpi
1135 1002 1295 1053 turpius.
1349 1002 1473 1054 Perge
1506 1013 1644 1054 porr03
1677 1014 1769 1043 nam
1802 1004 1851 1044 de
1884 1004 1958 1044 isto
1993 1014 2135 1055 magna
2161 1004 2344 1045 dissensio
2372 1007 2441 1045 est.

198 1072 267 1111 Illa
292 1070 519 1119 argumenta
545 1066 704 1115 propria
728 1066 944 1111 videamus,
978 1078 1048 1105 cur
1076 1068 1206 1104 omnia
1230 1070 1388 1116 peccata
1413 1069 1489 1104 sint
1513 1068 1635 1115 paria.
1690 1067 1758 1111 Ut,
1789 1068 1914 1115 inquit
1940 1066 2090 1119 (Zeno),
2126 1068 2165 1105 in
2192 1068 2332 1105 fidibus
2358 1067 2442 1117 plu—

199 1134 324 1180 ribus,
357 1131 390 1172 si
425 1127 531 1170 nulla
557 1138 693 1169 earum
725 1128 780 1169 ita
807 1129 989 1169 contenta
1015 1130 1188 1170 numeris
1214 1130 1280 1177 sit,
1311 1132 1356 1170 ut
1382 1131 1614 1170 concentum
1648 1140 1801 1170 servare
1827 1131 1965 1180 possit,
2000 1142 2134 1170 omnes
2160 1142 2286 1179 aeque
2311 1131 2443 1170 incon·

198 1200 327 1235 tentae
357 1195 450 1238 sint,
484 1192 539 1229 sic
564 1193 745 1241 peccata,
779 1192 871 1239 quia
906 1192 1142 1242 discrepant,
1175 1203 1298 1242 aeque
1333 1193 1570 1243 discrepant;
1605 1192 1716 1242 paria
1743 1195 1832 1231 sunt
1857 1193 1983 1243 igitur.
2036 1192 2110 1232 Hic
2135 1193 2318 1243 ambiguo
2345 1192 2443 1232 ludi-

196 1272 296 1299 mur.
349 1259 486 1305 Aeque
519 1254 623 1293 enim
655 1254 841 1303 contingit
875 1255 1057 1294 omnibus
1090 1255 1250 1302 fidibus,
1287 1258 1333 1295 ut
1366 1257 1609 1294 incontentae
1639 1255 1732 1301 sint;
1767 1255 1861 1293 illud
1894 1267 1973 1294 non
2006 1257 2208 1301 continuo,
2241 1258 2285 1294 ut
2319 1266 2444 1305 aeque

197 1322 451 1363 incontentae.
508 1316 671 1357 Collatio
704 1318 821 1369 igitur
856 1317 930 1357 ista
958 1320 998 1357 te
1031 1317 1123 1360 nihil
1153 1318 1270 1369 Juvat.
1324 1317 1406 1359 Nec
1432 1319 1535 1358 enim
1570 1328 1704 1357 omnes
1730 1319 1907 1358 avaritias
1944 1320 1975 1359 si
2003 1330 2129 1370 aeque
2155 1319 2332 1359 avaritias
2360 1329 2444 1358 esse

198 1386 428 1430 dixerimuS,
454 1384 661 1431 sequetur,
696 1382 814 1420 etiam
840 1383 885 1420 ut
912 1391 1058 1430 aequas
1083 1392 1168 1420 esse
1193 1381 1376 1421 dicamus.
1428 1382 1531 1421 Ecce
1558 1381 1662 1420 aliud
1689 1381 1811 1421 simile
1838 1382 2029 1422 dissimile.
2084 1383 2135 1423 Ut
2162 1383 2282 1429 enim,
2308 1382 2444 1431 inquit,

195 1449 434 1501 gubernator
461 1456 587 1493 aeque
613 1447 769 1494 peccat,
797 1445 828 1483 si
854 1444 1057 1494 palearum
1082 1454 1219 1483 navem
1246 1446 1399 1491 evertit,
1432 1447 1470 1483 et
1496 1446 1528 1483 si
1553 1445 1658 1489 auri:
1695 1445 1787 1483 item
1814 1456 1939 1495 aeque
1965 1449 2119 1496 peccat,
2151 1446 2215 1495 qui
2243 1447 2444 1497 parentem

196 1516 236 1554 et
263 1512 329 1563 qui
356 1520 510 1550 servum
538 1507 678 1559 injuria
703 1508 892 1548 verberat.
945 1507 1033 1548 Hoc
1058 1519 1139 1548 non
1165 1508 1312 1555 videre,
1342 1508 1449 1558 cujus
1477 1509 1626 1559 generis
1654 1519 1752 1547 onus
1778 1509 1884 1548 navis
1909 1508 2041 1556 vehat,
2068 1509 2108 1548 id
2134 1509 2183 1549 ad
2210 1509 2442 1559 gubernato-

195 1578 248 1617 ris
275 1578 399 1615 artem
426 1573 520 1612 nihil
546 1569 758 1622 pertinere!
792 1572 942 1620 itaque,
970 1582 1112 1611 aurum
1137 1571 1336 1621 paleamve
1361 1573 1508 1621 portet,
1535 1571 1586 1610 ad
1612 1571 1711 1610 bene
1737 1573 1805 1609 aut
1831 1571 1882 1610 ad
1907 1571 2008 1610 male
2034 1570 2327 1621 gubernandum
2351 1570 2443 1609 nihil

196 1641 394 1679 interesse.
448 1638 501 1676 At
537 1634 630 1684 quid
666 1634 765 1674 inter
792 1635 995 1684 parentem
1028 1635 1067 1673 et
1099 1633 1292 1673 servulum
1319 1634 1487 1681 intersit,
1520 1633 1675 1684 intelligi
1707 1634 1746 1672 et
1772 1636 1899 1684 potest
1932 1636 1972 1673 et
1999 1633 2122 1673 debet.
2176 1634 2280 1685 Ergo
2308 1634 2348 1673 in
2373 1645 2443 1684 gu·

196 1700 397 1742 bernando
430 1698 543 1744 nihil,
578 1697 619 1735 in
653 1697 783 1737 officio
810 1697 1022 1746 plurimum
1049 1697 1226 1742 interest,
1260 1707 1339 1745 quo
1371 1697 1411 1735 in
1437 1707 1578 1746 genere
1604 1698 1795 1747 peccetur.
1849 1696 1899 1734 Et
1925 1697 1956 1735 si
1991 1697 2031 1734 in
2058 1697 2140 1747 ipsa
2166 1697 2444 1747 gubernatione

197 1761 431 1815 negligentia.
463 1762 523 1799 est
554 1760 661 1799 navis
698 1770 852 1805 eversa;
887 1759 1012 1809 majus
1042 1761 1100 1797 est
1125 1762 1328 1810 peccatum
1364 1760 1403 1797 in
1429 1769 1526 1797 auro
1552 1768 1670 1808 quam
1703 1759 1742 1798 in
1768 1759 1889 1809 palea.
1944 1758 2134 1799 Omnibus
2168 1760 2270 1799 enim
2296 1759 2444 1800 artibus

198 1828 375 1867 volumus
404 1824 633 1863 attributum
660 1833 745 1861 esse
772 1833 878 1869 eam,
908 1833 1009 1871 quae
1037 1823 1250 1860 communis
1277 1822 1491 1871 appellatur
1517 1820 1743 1871 prudentia3
1771 1832 1889 1869 quam
1916 1833 2062 1868 omnes,
2090 1823 2156 1871 qui
2184 1823 2325 1871 cuique
2350 1823 2443 1861 arti-

201 1891 288 1930 ficio
316 1889 523 1940 praesunt,
560 1885 701 1924 debent
733 1884 888 1925 habere.
925 1883 973 1938 (c.
1000 1879 1081 1936 28.)
1134 1883 1193 1924 Ita
1226 1896 1275 1925 ne
1310 1884 1387 1924 hoc
1412 1884 1530 1924 modo
1556 1884 1665 1935 paria
1692 1883 1847 1934 quidem
1872 1887 2033 1935 peccata
2059 1888 2158 1925 sunt.
2214 1884 2360 1935 Urgent
2385 1887 2443 1924 ta·

202 1964 293 1992 men
319 1954 358 1990 et
384 1950 478 1988 nihil
505 1949 716 1987 remittunt.
771 1946 977 1994 Quoniam,
1004 1947 1192 1995 inquiunt,
1220 1958 1335 1985 omne
1361 1950 1565 1997 peccatum
1591 1947 1857 1986 imbecillitatis
1885 1950 1924 1986 et
1950 1948 2226 1987 inconstantiae
2253 1950 2322 1996 est,
2347 1947 2443 1987 haec

201 2018 333 2055 autem
359 2013 449 2052 vitia
476 2013 516 2051 in
547 2011 726 2050 omnibus
754 2010 877 2049 stultis
900 2021 1025 2059 aeque
1049 2020 1190 2060 magna
1217 2013 1323 2056 sunt;
1360 2021 1517 2050 necesse
1544 2013 1620 2057 est,
1643 2012 1754 2061 paria
1780 2022 1865 2050 esse
1884 2015 2055 2061 peccata.
2109 2010 2231 2059 Quasi
2257 2022 2349 2050 vero
2376 2015 2444 2050 aut

200 2077 447 2123 concedatur,
474 2077 514 2114 in
541 2075 718 2115 omnibus
746 2074 870 2112 stultis
897 2083 1022 2122 aeque
1048 2083 1189 2123 magna
1219 2084 1303 2111 esse
1322 2074 1421 2120 vitia,
1450 2075 1488 2111 et
1515 2073 1651 2112 eadem
1677 2074 1935 2114 imbecillitate
1962 2076 2001 2114 et
2027 2074 2281 2114 inconstantia
2300 2073 2343 2113 L.
2364 2073 2442 2113 Tu-

199 2141 334 2181 bulum
362 2139 492 2185 fuisse,
527 2149 605 2188 qua
631 2137 754 2183 illum,
790 2137 898 2186 cujus
932 2137 963 2175 is
992 2136 1270 2175 condemnatus
1298 2141 1357 2176 est
1383 2138 1600 2186 rogatione,
1634 2138 1676 2176 P.
1705 2138 1947 2182 Scaevolam:
1985 2137 2042 2189 (L.
2072 2138 2245 2176 Tubulus
2272 2139 2442 2186 praetor,

198 2203 396 2254 quaesitor
414 2203 513 2241 inter
532 2200 702 2246 sicarios,
728 2199 892 2250 pemmia
920 2199 1115 2249 corrumpi
1142 2209 1184 2238 se
1203 2209 1338 2250 passus
1357 2200 1415 2238 est
1441 2201 1480 2238 et
1507 2209 1594 2238 eam
1622 2198 1672 2238 ob
1699 2210 1857 2240 causam
1883 2199 2105 2247 damnatus;
2134 2200 2250 2240 etiam
2275 2199 2316 2239 in
2343 2201 2442 2240 cete-

195 2269 248 2307 ris
275 2267 453 2306 omnibus
480 2265 600 2304 homo
627 2263 797 2302 nefarius
827 2265 929 2307 erat;
966 2262 1009 2302 P.
1037 2262 1221 2302 Scaevola
1246 2275 1361 2302 suum
1388 2263 1436 2301 de
1464 2263 1547 2301 Tib.
1577 2261 1754 2302 Graccho
1776 2264 1963 2313 judicium
1989 2266 2029 2303 in
2056 2265 2255 2304 meliorem
2280 2265 2443 2313 partem,

198 2329 444 2385 optimatibus
470 2330 639 2379 gratam,
668 2322 841 2378 mutavit)
870 2328 908 2364 et
935 2326 1045 2374 quasi
1072 2325 1167 2365 nihil
1194 2326 1294 2365 inter
1319 2336 1382 2364 res
1409 2336 1567 2374 quoque
1593 2326 1715 2375 ipsas,
1742 2327 1782 2365 in
1808 2327 1946 2376 quibus
1973 2330 2165 2377 peccatur,
2190 2326 2360 2370 intersit;
2387 2329 2442 2369 ut,

199 2403 278 2443 quo
309 2392 384 2432 hae
420 2391 588 2442 majores
621 2389 837 2428 minoresve
871 2387 968 2434 sint,
1004 2398 1072 2434 eo,
1107 2397 1208 2437 quae
1237 2388 1447 2439 peccentur
1480 2387 1520 2427 in
1549 2387 1608 2428 his
1635 2388 1771 2437 rebus,
1802 2392 1870 2429 aut
1896 2390 2043 2442 maiora
2070 2391 2145 2430 sint
2182 2390 2250 2430 aut
2275 2387 2440 2440 majora!

196 2457 325 2496 Verba
351 2458 482 2494 tenent
507 2455 717 2493 mordicus.
772 2449 884 2498 Quae
912 2451 1005 2489 dum
1033 2452 1104 2490 sibi
1132 2452 1237 2490 evelli
1264 2451 1418 2497 nolunt,
1459 2451 1694 2490 horridiores
1722 2453 1906 2500 evadunt,
1943 2453 2176 2504 asperiores,
2203 2452 2377 2492 duriores
2405 2454 2443 2492 et

199 2520 373 2559 oratione
409 2520 447 2557 et
481 2517 666 2556 moribus.
675 2519 699 2538 ‘⁶
761 2512 911 2552 Eodem
948 2513 1048 2552 libro
1084 2524 1168 2565 cap.
1200 2510 1261 2553 19.
1299 2514 1352 2553 ita
1380 2512 1515 2553 Cicero
1543 2514 1710 2565 iudicat:
1752 2519 1919 2563 ,‚‚,recte
1951 2516 2053 2557 facta
2082 2516 2213 2556 omnia
2244 2516 2442 2567 aequalia:

198 2584 327 2622 omnia
358 2584 518 2633 peccata
550 2580 728 2632 paria.““
781 2575 927 2624 „Quae
958 2589 1082 2627 quum
1108 2579 1313 2628 magnifice
1347 2578 1474 2628 primo
1511 2579 1584 2617 dici
1610 2579 1848 2626 viderentur,
1885 2582 2125 2621 considerata
2147 2581 2274 2620 minus
2301 2580 2442 2631 proba-

200 2648 348 2686 bantur.
403 2643 546 2685 Sensus
574 2644 678 2683 enim
705 2641 892 2693 cujusque
919 2643 958 2681 et
984 2643 1125 2681 natura
1151 2652 1283 2682 rerum
1310 2644 1428 2693 atque
1454 2642 1537 2694 ipsa
1563 2643 1703 2683 veritas
1729 2642 1870 2684 clamat
1896 2644 2200 2695 quodammodo,
2225 2655 2306 2685 non
2329 2653 2443 2694 posse

202 2710 356 2755 adduci,
383 2712 426 2747 ut
453 2709 553 2747 inter
580 2718 646 2746 eas
672 2718 755 2752 res,
790 2716 888 2754 quas
916 2705 1020 2743 Zeno
1046 2709 1301 2753 exaequaret,
1329 2707 1421 2745 nihil
1447 2707 1662 2745 interesset.
1671 2709 1695 2727 ‘⁴
1751 2704 1821 2757 (Cf.
1849 2708 1968 2747 Acad.
1994 2709 2112 2759 prior.
2142 2719 2173 2747 c.
2200 2703 2283 2758 43.)

384 2770 459 2810 Sed
494 2770 691 2811 videamus
732 2768 851 2809 etiam
892 2767 987 2808 alios
1029 2769 1220 2808 auctores.
1286 2768 1517 2812 Notissimus
1557 2769 1666 2810 locus
1703 2771 1762 2810 est
1795 2769 1945 2811 Horatii
1987 2770 2113 2825 (Satir.
2153 2768 2195 2819 l,
2227 2765 2303 2822 3.)‚
2343 2767 2443 2810 hanc

200 2833 414 2871 mirabilem
452 2835 670 2873 Stoicorum
707 2833 939 2871 sententiam
980 2842 1125 2878 eaque,
1173 2843 1274 2879 quae
1320 2834 1410 2871 inde
1450 2835 1686 2881 sequuntur,
1735 2832 1963 2872 facetissime
1999 2835 2177 2879 ridentis:
2229 2832 2297 2882 qui
2335 2831 2442 2872 locus

199 2893 289 2935 inde
324 2903 348 2934 a
381 2905 415 2935 v.
446 2892 510 2937 66.
542 2908 668 2947 usque
703 2894 753 2937 ad
780 2895 918 2940 finem,
955 2891 1002 2947 (v.
1031 2890 1137 2947 142)
1169 2896 1343 2946 pertinet.
1404 2894 1486 2936 Nos
1517 2896 1580 2936 hic
1611 2895 1683 2935 hos
1717 2899 1870 2936 tantum
1896 2908 2027 2937 versus
2061 2896 2109 2950 (v.
2139 2891 2228 2937 115.
2262 2893 2336 2948 sq.)
2374 2907 2441 2947 ap-

198 2968 407 3010 ponemus:
