2634 3601
224 381 316 420 sunt
342 377 547 428 eiusmodi,
575 388 695 428 quum
723 384 934 431 sequantur
960 382 1175 422 sententiae
1200 379 1466 431 perridiculae,
1494 389 1588 418 sane
1614 378 1795 418 exhibent
1820 379 2041 431 exemplum
2067 378 2253 429 inopinati
2279 380 2321 418 et
2345 389 2462 429 repu-

226 441 408 493 gnantiae
435 441 725 482 contrariorum.
766 443 894 483 Etiam
920 446 1045 484 irrisio
1071 455 1122 483 ex
1147 443 1391 481 simulatione
1416 442 1457 480 in
1481 441 1554 479 illis
1579 441 1724 479 verbis:
1753 441 1809 477 vir
1835 441 1991 489 quidam
2015 441 2089 480 fuit
2114 451 2268 480 summo
2295 440 2463 490 ingenio,

226 503 385 544 inveniri
402 504 538 554 potest.
584 502 675 544 Sine
700 504 816 545 dubio
843 505 940 547 haec
963 506 1125 547 ridicula
1150 506 1191 546 in
1210 504 1402 545 Zenonem
1424 503 1600 556 jaculans
1620 502 1755 544 Cicero
1781 501 1989 554 plerosque
2010 502 2181 552 judicum
2207 505 2462 544 assentientes

224 566 378 614 habuit,
404 578 524 617 quum
548 578 621 618 pro
648 570 754 607 certo
781 570 897 607 statui
924 572 1063 620 possit,
1096 570 1169 610 illis
1194 569 1431 619 temporibus
1454 568 1537 620 jam
1564 567 1687 607 multo
1713 566 1903 618 majorem
1929 566 2083 618 partem
2108 565 2293 607 nobilium
2315 566 2460 608 Roma-

222 641 362 669 norum
386 629 561 679 Epicuri,
587 631 779 669 minorem
806 630 969 670 Zenonis
996 635 1104 683 signa
1130 634 1307 671 secutum
1332 642 1425 670 esse.

409 690 542 741 Quum
567 693 692 733 oratio
720 692 834 739 haec,
864 692 998 734 Cicero
1027 695 1170 745 inquit,
1205 704 1336 733 coram
1362 694 1518 733 eruditis
1545 693 1764 732 hominibus
1789 692 1970 732 habenda
1996 693 2065 739 sit,
2098 690 2217 742 paulo
2244 691 2461 729 accuratius

223 756 415 806 inquirere
436 757 585 806 J'uvabit
619 758 659 796 in
685 756 850 795 Zenonis
876 759 1104 808 praecepta;
1138 759 1229 796 sunt
1260 756 1498 807 huJusmodi:
1533 756 1744 807 sapientem
1771 756 1895 806 gratia
1928 765 2133 805 nunquam
2159 753 2328 799 moveri,
2363 763 2462 791 nun-

222 829 339 869 quam
371 819 587 869 ignoscere,
623 829 825 868 nunquam
856 819 1145 858 misericordem
1185 831 1287 866 esse,
1320 830 1519 869 nunquam
1553 818 1792 858 exorandum
1822 819 1881 857 vel
1913 818 2148 868 placandum
2180 827 2223 855 se
2248 816 2464 866 praebere;

225 882 435 932 sapientem
462 882 587 920 solum
613 892 698 920 esse
725 881 958 932 formosum,
985 882 1157 929 divitem,
1194 894 1345 934 regem,
1384 885 1533 922 ceteros
1560 880 1879 920 contemnendam
1909 881 2081 931 plebem,
2115 881 2290 924 insanos;
2332 878 2464 917 omnia

222 948 380 994 peccata
407 956 490 984 esse
515 945 644 995 paria;
678 944 827 984 nullum
855 955 938 984 esse
966 946 1169 985 discrimen
1194 946 1343 985 levioris
1370 948 1439 984 aut
1464 945 1645 994 gravioris
1672 944 1839 992 peccati;
1873 954 1988 982 omne
2014 944 2198 982 delictum
2226 942 2351 980 scelus
2378 952 2463 979 osse

220 1006 430 1052 nefarium,
458 1007 605 1045 etiamsi
632 1007 750 1045 levius
776 1006 968 1053 videatur;
1001 1008 1211 1059 sapientem
1236 1017 1436 1057 nunquam
1464 1005 1624 1055 opinari,
1650 1015 1848 1055 nunquam
1875 1004 1971 1051 falli;
1998 1005 2139 1045 nullius
2166 1015 2260 1045 eum
2287 1003 2344 1043 rei
2369 1013 2463 1053 poe·

220 1070 362 1115 nitere;
404 1080 602 1118 nunquam
638 1080 728 1107 eum
761 1072 914 1108 mutare
948 1071 1208 1109 sententiam·
1238 1070 1355 1109 Addit
1388 1069 1544 1112 Cicero,
1590 1066 1776 1104 Catonem
1808 1067 1906 1104 haec
1938 1070 2148 1117 praecepta
2183 1066 2464 1106 studiosissime

221 1131 446 1181 arripuisse,
478 1142 605 1181 neque
630 1130 670 1170 id
696 1130 746 1170 ad
771 1142 910 1171 vanam
936 1132 1133 1172 doctrinae
1160 1133 1478 1175 ostentationem,
1513 1129 1581 1168 sed
1603 1139 1737 1167 revera
1763 1140 1852 1167 eum
1885 1129 1934 1167 ad
1961 1140 2139 1168 normam
2175 1140 2311 1168 earum
2338 1132 2464 1167 totam
2510 1178 2512 1180 ,

220 1194 337 1231 vitam
372 1204 482 1232 suam
518 1194 692 1243 dirigere.
746 1193 895 1233 Deinde
930 1195 1113 1241 ostendit,
1146 1204 1265 1244 quam
1298 1191 1516 1242 praefracte
1549 1191 1688 1230 talibus
1723 1192 1935 1241 praeceptis
1967 1191 2139 1230 imbutus
2165 1190 2285 1230 homo
2318 1191 2359 1229 in
2385 1191 2463 1229 vita

225 1257 421 1294 communi
447 1267 488 1293 se
514 1259 642 1305 gerat;
680 1259 862 1305 rogantes
889 1257 1032 1306 aliquid
1064 1258 1312 1307 aspernatur:
1356 1255 1507 1294 veniam
1541 1254 1666 1293 delicti
1704 1264 1783 1292 non
1814 1253 1881 1293 dat
1915 1253 2140 1300 fatentibus,
2173 1252 2267 1293 nihil
2301 1253 2463 1304 gratiae,

221 1318 315 1358 nihil
350 1318 633 1358 misericordiae
667 1319 857 1366 tribuens,
901 1320 1051 1359 nullum
1083 1320 1234 1358 levioris
1273 1320 1342 1357 aut
1375 1318 1532 1367 maJoris
1566 1317 1712 1367 peccati
1743 1317 1949 1356 discrimen
1982 1328 2206 1367 agnoscens.
2267 1317 2308 1356 Si
2343 1319 2461 1356 semel

222 1381 418 1431 quidpiam
453 1381 547 1420 dixit
563 1407 567 1409 >
581 1381 639 1419 vel
655 1417 658 1419 .
675 1383 888 1428 constituit,
920 1382 1070 1420 etiamsi
1103 1392 1235 1420 errore
1271 1381 1409 1420 ductus
1442 1380 1557 1427 dixit,
1591 1378 1805 1426 constituit,
1839 1379 1931 1419 nihil
1958 1382 2101 1426 mutat;
2135 1380 2278 1419 erroris
2305 1380 2461 1430 culpam

221 1446 262 1489 in
297 1446 509 1495 sapientem
542 1455 621 1482 non
643 1443 827 1489 admittit;
870 1445 901 1482 si
928 1445 987 1483 ira
1014 1447 1231 1483 commotus
1259 1444 1403 1494 aliquid
1436 1443 1530 1482 dixit
1568 1445 1635 1481 aut
1660 1443 1766 1489 fecit,
1799 1443 1839 1481 in
1870 1453 1917 1481 eo
1944 1440 2109 1492 perstat,
2143 1444 2355 1492 sapientem
2381 1455 2463 1482 non

223 1508 336 1546 irasci
361 1517 594 1544 asseverans
647 1505 756 1543 Haec
781 1506 911 1544 omnia
936 1517 1016 1545 non
1041 1507 1168 1545 solum
1196 1508 1332 1546 contra
1359 1506 1520 1552 Stoicos,
1548 1505 1615 1544 sed
1640 1505 1847 1556 praecipue
1874 1508 2008 1545 contra
2035 1504 2220 1546 Catonem
2247 1505 2350 1545 dicta
2377 1517 2462 1546 esse

222 1572 402 1621 apparet,
432 1570 602 1617 primum
637 1579 660 1605 e
694 1576 799 1605 nexu
834 1570 1130 1613 sententiarum,
1167 1580 1290 1617 quum
1325 1572 1439 1607 antea
1473 1569 1617 1606 dictum
1652 1569 1720 1613 sit,
1754 1568 1938 1607 Catonem
1972 1568 2034 1606 illa
2065 1571 2270 1619 praecepta
2296 1568 2462 1608 Zenonis

222 1632 374 1683 penitus
401 1630 614 1676 imbibisse,
649 1641 729 1669 non
760 1632 806 1669 ut
839 1630 887 1669 de
920 1631 964 1669 iis
991 1631 1187 1680 disputare
1210 1634 1357 1681 posset,
1396 1632 1464 1670 sed
1496 1635 1540 1669 ut
1568 1643 1617 1669 ex
1644 1642 1780 1668 corum
1805 1641 1942 1669 norma
1967 1631 2129 1676 viveret,
2172 1634 2211 1668 et
2236 1632 2365 1669 statim
2393 1642 2461 1669 ex·

222 1695 350 1747 empla
379 1694 676 1745 subjungantur,
690 1693 845 1743 'quibus
873 1693 964 1734 satis
991 1695 1124 1745 aperte
1151 1692 1304 1735 Catonis
1330 1705 1497 1745 persona
1524 1694 1770 1744 significatur.
1824 1692 1924 1732 Nam
1952 1693 2055 1742 quod
2084 1692 2218 1733 Cicero
2253 1694 2359 1732 dicit:
2393 1706 2462 1743 pe-

221 1760 309 1794 tunt
336 1757 479 1804 aliquid
504 1758 717 1805 publicani;
746 1767 836 1795 cave
864 1758 1074 1807 quidquam
1100 1757 1243 1796 habeat
1268 1758 1453 1796 momenti
1481 1757 1616 1808 gratia,
1643 1758 1701 1796 et:
1728 1755 1803 1795 hac
1829 1766 1878 1795 ex
1905 1755 2101 1808 disciplina
2126 1756 2236 1796 nobis
2263 1756 2326 1797 illa
2353 1759 2460 1797 sunt:

223 1819 300 1860 dixi
327 1819 367 1858 in
394 1822 541 1865 senatu,
569 1831 632 1858 me
658 1831 800 1858 nomen
828 1821 1037 1858 consularis
1064 1821 1254 1859 candidati
1282 1822 1518 1865 delaturum,
1545 1821 1603 1857 his
1631 1821 1815 1868 exemplis
1842 1831 2007 1869 persona
2034 1820 2188 1858 Catonis
2215 1821 2462 1869 significatur,

223 1892 344 1933 quum
364 1881 540 1920 omnibus
560 1883 696 1920 notum
716 1883 833 1928 esset,
862 1880 937 1921 hoc
953 1883 1164 1933 utrumque
1179 1881 1365 1923 Catonem
1383 1894 1516 1922 revera
1535 1883 1638 1921 brevi
1659 1885 1748 1921 ante
1770 1882 1915 1922 fecisse.
1945 1880 2035 1934 (Cic.
2054 1883 2102 1921 de
2121 1883 2221 1921 offic.
2241 1877 2286 1928 3,
2307 1880 2378 1927 ⁵22,
2396 1879 2460 1922 88.

224 1946 330 1995 (mist.
367 1944 417 1982 ad
443 1944 556 1982 Attic.
588 1941 628 1990 1,
658 1940 725 1989 17,
756 1941 832 1997 17.)
886 1944 987 1983 Fieri
1016 1945 1132 1996 igitur
1165 1957 1246 1985 non
1270 1947 1417 1997 potuit,
1453 1946 1545 1996 quin
1573 1957 1726 1992 omneS,
1759 1947 1826 1996 qui
1852 1946 1948 1986 haec
1975 1945 2169 1993 audirent,
2201 1946 2251 1986 ad
2278 1945 2462 1986 Catonem

223 2019 270 2048 ea
295 2007 486 2047 referrent
512 2008 551 2045 et
572 2006 807 2056 judicarent,
841 2019 969 2046 mores
996 2008 1078 2056 eJ‘us
1105 2020 1244 2057 parum
1271 2009 1511 2047 humanitate
1536 2010 1676 2046 tinctos
1704 2020 1799 2047 esse.

409 2068 558 2108 Deinde
581 2070 838 2120 praeceptoris
865 2081 1072 2120 personam
1099 2070 1233 2110 Cicero
1261 2071 1401 2118 induit,
1436 2071 1486 2111 ad
1514 2071 1714 2110 meliorem
1737 2073 1907 2110 mentem
1938 2070 2126 2111 Catonem
2152 2071 2365 2122 perducere
2398 2084 2464 2111 cu·

223 2134 371 2183 pientis.
424 2133 512 2171 Jam
531 2133 638 2171 initio
656 2133 770 2182 huJus
792 2133 1101 2182 reprehensionis
1122 2145 1312 2183 personae
1332 2134 1488 2173 Catonis
1511 2132 1649 2172 Cicero
1673 2133 1842 2172 dixerat:
1870 2134 1954 2183 Ego
1977 2137 2088 2173 tuum
2111 2135 2332 2181 consilium,
2355 2134 2462 2180 Cato,

223 2198 380 2247 propter
406 2195 599 2246 singulare
625 2196 740 2235 animi
768 2196 842 2235 mei
877 2196 924 2235 de
949 2197 1019 2235 tua
1044 2195 1185 2235 virtute
1206 2196 1395 2246 judicium
1422 2197 1636 2246 vituperare
1670 2207 1750 2235 non
1778 2196 1925 2242 audeo;
1960 2198 2149 2237 nonnulla
2182 2198 2341 2237 forsitan
2370 2211 2461 2237 con-

226 2260 395 2298 formare
419 2262 457 2297 et
482 2254 613 2297 leviter
639 2259 848 2298 emendare
872 2259 1027 2309 possim.
1073 2259 1185 2305 „Non
1212 2259 1333 2298 multa
1359 2269 1507 2309 peccas,
1534 2259 1657 2308 inquit
1682 2259 1744 2298 ille
1771 2258 1976 2298 fortissimo
2004 2259 2086 2298 viro
2112 2260 2243 2299 senior
2261 2262 2462 2311 magister;

224 2323 293 2361 sed
319 2324 350 2361 si
376 2333 531 2372 peccas,
566 2324 605 2360 te
631 2333 765 2371 regere
790 2326 986 2372 possum.“
1038 2321 1135 2360 Erat
1160 2322 1222 2361 hic
1248 2322 1354 2360 locus
1388 2323 1469 2360 sine
1496 2322 1614 2360 dubio
1641 2322 1862 2360 notissimus
1893 2322 1957 2366 iis,
1992 2323 2058 2371 qui
2084 2323 2311 2369 audiebant,
2347 2334 2370 2362 e
2395 2335 2461 2363 ve-

224 2388 306 2424 tere
330 2385 447 2435 poeta
471 2383 649 2423 Romano
676 2384 814 2424 ductus
850 2387 889 2424 et
914 2384 1032 2424 verba
1057 2384 1239 2425 exhibens
1273 2384 1495 2431 Phoenicis,
1529 2385 1595 2435 qui
1623 2384 1702 2423 dux
1729 2387 1768 2423 et
1794 2395 1925 2423 comes
1951 2384 2088 2424 Achilli
2114 2396 2139 2424 a
2165 2389 2296 2435 patre,
2331 2388 2462 2434 Peleo,

225 2447 376 2488 additus
404 2450 504 2495 erat,
539 2448 676 2498 quibus
701 2448 826 2487 verbis
856 2448 918 2488 ille
944 2448 1142 2488 alumnum
1169 2460 1282 2488 suum
1309 2448 1526 2497 alloquitur.
1580 2448 1642 2487 Ad
1670 2448 1833 2487 eandem
1859 2459 1944 2486 rem
1971 2447 2106 2487 Cicero
2133 2450 2250 2488 etiam
2279 2452 2320 2489 in
2346 2453 2462 2491 tertio

225 2511 275 2550 de
301 2514 455 2549 oratore
481 2511 578 2549 libro
610 2508 707 2562 (cap.
737 2507 814 2562 15.)
841 2512 1027 2561 respexit,
1054 2511 1218 2550 afferens
1245 2511 1374 2549 locum
1402 2511 1561 2549 Homeri
1591 2509 1646 2562 (ll.
1674 2511 1749 2556 lx,
1777 2506 1871 2562 443)
1900 2510 1958 2549 his
1984 2511 2129 2549 verbis:
2165 2514 2243 2556 „ut
2269 2513 2332 2551 ille
2358 2514 2463 2563 apud

224 2572 450 2626 Homerum
471 2551 663 2619 Plstnix,
699 2574 765 2621 qui
798 2584 839 2612 se
874 2583 899 2612 a
923 2573 1037 2612 Peleo
1072 2575 1181 2623 patre
1205 2573 1343 2612 Achilli
1371 2573 1501 2622 juveni
1537 2574 1718 2611 comitem
1746 2584 1830 2611 esse
1857 2573 1989 2611 datum
2022 2573 2111 2611 dicit
2143 2574 2195 2612 ad
2222 2575 2386 2620 bellum,
2420 2579 2465 2614 ut

226 2635 333 2675 illum
359 2634 531 2674 efficeret
556 2638 776 2682 „oratorem
802 2636 1007 2675 verborum
1033 2640 1282 2686 actoremque
1310 2639 1510 2675 rerum.““
1563 2636 1653 2685 Agit
1680 2636 1796 2685 igitur
1821 2636 1897 2675 hoc
1921 2635 2006 2674 loco
2034 2633 2170 2675 Cicero
2196 2648 2287 2676 cum
2315 2637 2466 2679 Catone

227 2702 273 2738 ut
298 2699 479 2748 magister
506 2710 595 2737 cum
620 2699 825 2748 discipulo;
861 2702 900 2738 et
927 2709 1149 2748 quanquam
1175 2699 1476 2737 admonitionem
1503 2699 1653 2747 mitigat
1674 2698 1837 2736 addens:
1876 2700 1946 2743 „at
1972 2708 2045 2747 ego
2072 2701 2112 2737 te
2139 2700 2336 2738 verissime
2357 2700 2465 2740 dixe-

226 2762 303 2801 rim
327 2771 489 2813 peccare
514 2760 618 2808 nihil,
645 2772 772 2812 neque
798 2761 877 2801 ulla
902 2762 941 2801 in
966 2772 1009 2801 re
1034 2763 1074 2800 te
1100 2771 1183 2800 esse
1208 2760 1440 2812 huJusmodi‚
1468 2764 1511 2800 ut
1539 2761 1788 2812 corrigendus
1815 2762 1941 2812 potius
1968 2771 2087 2810 quam
2105 2762 2237 2802 leviter
2263 2764 2465 2804 inflecten—

227 2824 300 2865 dus
326 2824 476 2865 videare
484 2828 508 2846 ‘⁴
534 2822 582 2879 (§.
610 2821 711 2879 60.)‚
744 2828 876 2865 tamen
902 2826 1041 2865 iterum
1074 2836 1164 2864 eum
1192 2825 1357 2876 corrigit.
1410 2823 1561 2864 Deinde
1595 2837 1686 2865 eum
1712 2837 1833 2865 manu
1866 2826 1974 2876 quasi
2000 2825 2107 2865 ducit
2141 2826 2192 2866 ad
2219 2827 2316 2868 alios
2344 2828 2465 2879 magi-

226 2890 348 2937 stros,
376 2889 514 2939 quibus
540 2889 621 2940 ipse
647 2901 741 2929 usus
767 2890 834 2938 sit,
868 2889 917 2930 ad
942 2889 1193 2929 Academicos
1219 2889 1279 2929 vel
1304 2889 1579 2939 Peripateticos
1608 2887 1645 2942 (§
1671 2884 1745 2936 63,
1771 2887 1872 2941 64),
1907 2889 1965 2928 his
1991 2890 2134 2929 verbis:
2171 2890 2277 2937 „hos
2304 2892 2355 2931 ad
2382 2902 2464 2930 ma-

225 2951 365 3001 gistros
396 2953 428 2990 si
465 2963 542 3003 qua
574 2955 614 2992 te
648 2953 822 2999 fortuna,
859 2952 973 2999 Cato,
1009 2952 1222 2999 detulisset,
1256 2963 1336 2992 non
1369 2954 1413 2991 tu
1440 2952 1596 3002 quidem
1623 2952 1761 2993 melior
1787 2962 1907 2999 esseS,
1943 2952 2012 2994 sed
2037 2953 2156 3005 paulo
2191 2953 2242 2994 ad
2268 2953 2464 2994 lenitatem

224 3015 487 3066 propensior.“
2249 3073 2277 3115 2
