2634 3601
198 316 450 367 Intelligentia
477 315 678 355 hominum
706 314 999 364 communisque
1023 314 1124 355 vitae
1160 326 1296 356 eorum
1322 318 1421 357 ratio
1454 319 1507 357 ita
1532 318 1632 357 inter
1657 326 1700 355 se
1726 325 1850 355 nexae
1873 316 1979 362 sunt,
2017 319 2062 355 ut
2087 316 2209 356 altera
2241 327 2291 356 ex
2315 308 2437 357 altera

196 380 371 431 pendeat.
420 378 641 419 Communis
669 375 913 418 Graecorum
939 378 1017 417 vita
1043 379 1159 418 etiam
1185 380 1336 428 optimis
1365 378 1548 421 Graeciae
1570 377 1808 430 temporibus
1833 377 1947 428 longe
1972 376 2108 418 aberat
2132 379 2182 419 ab
2210 391 2258 419 eo
2284 391 2437 421 morum

196 443 318 488 statu,
353 440 457 480 unde
484 440 601 491 plena
626 442 745 490 atque
771 439 947 479 absoluta
982 440 1022 478 in
1047 439 1290 489 intelligendo
1322 443 1441 491 atque
1466 439 1663 480 sentiendo
1689 440 1854 490 ideoque
1888 440 2005 478 etiam
2031 440 2071 478 in
2096 443 2246 490 agendo
2272 444 2436 484 existere

193 505 364 555 potuerit
398 504 603 554 sapientia.
656 502 756 542 Nam
790 513 910 551 quum
942 502 1163 550 ignorarent
1194 502 1342 542 veteres
1370 502 1507 544 Graeci
1542 513 1788 543 communem
1820 502 1993 541 omnium
2018 501 2252 551 libertatem,
2284 508 2434 556 partem

194 567 401 606 hominum
437 567 477 605 in
504 564 692 604 servitutis
719 562 937 601 conditione
961 562 1190 609 detinentes,
1225 564 1328 603 unde
1355 576 1447 605 sane
1472 565 1642 605 maxima
1666 565 1783 616 pestis
1816 565 1857 603 in
1883 574 2129 603 communem
2156 574 2293 605 eorum
2317 569 2434 608 vitam

193 629 443 673 redundavit;
480 638 600 677 quum
627 625 741 664 etiam
766 625 1008 663 sanctitatem
1031 625 1132 663 vitae
1159 626 1384 676 conjugialis
1418 631 1534 678 atque
1556 627 1790 668 domesticae
1823 629 1863 667 et
1889 627 2134 677 conjunctam
2161 637 2250 667 cum
2277 639 2325 669 ea
2350 641 2433 671 ma-

191 693 319 743 iorem
344 701 499 731 morum
526 689 737 729 castitatem
764 687 1008 738 ignorarent;
1045 686 1105 727 his
1140 687 1187 727 de
1214 690 1340 729 causis
1367 690 1498 731 levitas
1524 691 1587 731 illa
1623 691 1665 731 in
1688 692 1794 731 recte
1829 688 2066 729 aestimando
2092 688 2293 740 utriusque
2318 700 2434 733 sexus

196 755 373 794 convictu
406 756 492 792 orta
525 755 600 798 est,
634 760 712 800 qua
747 750 967 789 emanantia
1004 760 1053 788 ex
1079 749 1152 789 hac
1178 749 1329 791 levitate
1359 755 1519 802 peccata
1550 755 1656 804 parvi
1681 753 1941 799 habebantur:
1975 752 2095 792 immo
2120 762 2345 802 processum
2375 759 2435 795 est

194 829 318 869 usque
348 817 398 857 ad
415 815 656 856 libidinosum
682 824 895 864 puerorum
921 824 1108 860 amorem,
1133 813 1196 864 qui
1223 824 1273 853 ex
1292 816 1488 856 communi
1513 827 1628 857 sensu
1656 827 1736 856 non
1762 817 1803 856 in
1829 815 2017 856 dedecore
2040 815 2268 866 ponebatur.
2308 815 2427 857 Deni-

195 892 272 931 que
303 881 419 920 etiam
453 878 503 917 illi
539 887 723 915 sensuum
758 877 984 923 titillationi,
1028 888 1128 926 quae
1160 888 1207 915 ex
1240 878 1315 916 vini
1351 881 1449 928 potu
1479 881 1670 926 nascitur,
1712 890 1837 930 aequo
1870 879 1957 929 plus
1998 879 2250 918 connivebant
2283 882 2431 920 veteres

194 941 352 987 Graeci,
384 940 611 979 hilaritatem
637 949 724 977 eam
751 940 868 987 atque
892 939 1158 977 remissionem
1183 941 1373 978 vocantes.
1426 940 1477 979 Et
1503 952 1554 980 ne
1579 941 1796 992 philosophi
1831 941 1988 991 quidem
2013 940 2156 978 horum
2182 943 2429 990 peccatorum

194 1007 383 1045 immunes
419 1004 551 1048 erant,
595 1001 635 1041 id
671 1000 776 1052 quod
810 1012 858 1041 ex
893 1000 1068 1051 plurimis
1102 1003 1273 1041 veterum
1305 1002 1537 1053 scriptorum
1572 1003 1667 1044 locis
1703 1004 1823 1044 evinci
1849 1004 1997 1055 potest,
2031 1012 2199 1053 quorum
2224 1003 2431 1044 nonnullos

193 1068 332 1109 afferre
367 1066 457 1106 satis
490 1065 636 1111 habeo,
678 1075 727 1104 ne
771 1064 812 1102 in
846 1063 920 1103 hac
955 1064 1231 1114 aliquantulum
1264 1064 1398 1105 odiosa
1434 1076 1478 1105 re
1513 1066 1666 1117 longior
1699 1068 1789 1116 sim,
1829 1077 1946 1118 quam
1986 1076 2145 1105 necesse
2177 1068 2246 1105 est.
2315 1066 2427 1117 Diog.

191 1134 319 1171 Laert.
338 1125 377 1175 3,
402 1126 466 1168 29.
485 1126 524 1175 5,
547 1123 661 1168 1-3,
691 1123 729 1174 7,
758 1122 820 1166 13.
839 1123 904 1166 26.
923 1121 987 1166 36.
1015 1127 1235 1167 Athenaeus
1261 1124 1300 1174 2,
1325 1124 1391 1174 55,
1417 1128 1441 1168 f.
1469 1125 1508 1175 5,
1525 1125 1590 1169 61.
1619 1126 1657 1177 7,
1682 1127 1774 1170 279.
1802 1130 1839 1170 b.
1869 1141 1901 1169 c.
1931 1123 1993 1176 13,
2018 1123 2110 1169 563.
2132 1140 2165 1169 e.
2195 1123 2257 1176 13,
2283 1124 2374 1177 603,
2393 1140 2428 1170 e.

191 1193 368 1236 Convivia
402 1191 572 1232 Platonis
606 1192 725 1242 atque
754 1188 1036 1241 Xenophontis.
1100 1188 1176 1230 Cic.
1209 1190 1321 1230 Tusc.
1356 1187 1401 1238 2,
1435 1187 1473 1230 4.
1508 1188 1554 1240 4,
1586 1186 1650 1232 33.
1681 1187 1747 1232 34.
1802 1191 1917 1233 Corn.
1951 1190 2048 1243 Nep.
2080 1191 2204 1231 Alcib.
2240 1202 2273 1231 c.
2308 1189 2348 1232 5.
2375 1214 2428 1243 ἡ
2505 1250 2515 1257 ⁸

191 1258 323 1307 Quum
357 1257 474 1307 igitur
499 1258 661 1306 peccata
693 1254 882 1304 ejusmodi
911 1254 1107 1301 communi
1135 1254 1313 1304 opinione
1346 1266 1425 1294 non
1459 1255 1754 1303 damnarentur,
1790 1268 1911 1307 quum
1938 1256 2153 1295 communis
2180 1266 2315 1296 sensus
2349 1266 2428 1296 non

191 1323 240 1364 ad
267 1321 442 1362 altiorem
469 1318 709 1360 nobilitatem
732 1317 927 1366 tenderet,
954 1317 1025 1369 ipsi
1051 1316 1103 1357 illi
1129 1316 1343 1369 philosophi
1369 1317 1508 1359 talibus
1534 1318 1721 1359 illecebris
1746 1320 1899 1367 irretiti,
1927 1318 2169 1370 quantumvis
2196 1318 2309 1359 altius
2336 1318 2427 1359 eniti

190 1386 342 1432 vellent,
369 1386 409 1423 in
435 1383 605 1422 inferiori
632 1381 877 1432 perfectionis
906 1381 1030 1431 gradu
1056 1381 1317 1418 substiterunt.

373 1445 524 1488 Deinde
557 1444 597 1484 id
627 1444 838 1494 plurimum
871 1444 1000 1484 offecit
1026 1444 1189 1494 antiquis
1215 1443 1462 1495 philosophis,
1489 1444 1595 1494 quod
1619 1444 1799 1484 sanctiori
1824 1444 2010 1496 religione
2033 1445 2103 1484 niti
2130 1444 2175 1484 iis
2201 1455 2281 1484 non
2310 1443 2428 1490 licuit,

191 1511 371 1563 quodque
399 1520 479 1549 non
513 1508 600 1547 talis
626 1517 740 1546 amor
767 1507 840 1546 Dei
874 1507 1011 1547 animis
1039 1517 1175 1546 eorum
1208 1507 1349 1545 infixus
1377 1509 1477 1553 erat,
1510 1507 1664 1557 qualem
1694 1508 1735 1546 in
1760 1508 1892 1554 nobis,
1924 1505 2010 1560 (nos
2039 1507 2102 1546 hic
2128 1507 2215 1546 dico
2240 1508 2428 1547 recentio-

188 1587 272 1616 rem
298 1576 484 1619 aetatem,
513 1570 651 1611 Christi
679 1570 871 1617 doctrina,
898 1570 1036 1616 literis,
1071 1569 1218 1609 ratione
1241 1569 1362 1620 magis
1388 1567 1614 1623 excultam),
1645 1571 1798 1620 qualem
1823 1570 1937 1621 igitur
1962 1582 2003 1610 in
2028 1570 2137 1611 nobis
2165 1568 2337 1611 Christus
2364 1581 2427 1610 ac-

190 1637 336 1683 cendit,
364 1646 442 1686 quo
469 1634 543 1673 Dei
570 1643 706 1673 amore
733 1633 862 1671 omnia
889 1633 1003 1672 animi
1030 1643 1143 1672 sensa
1170 1633 1411 1682 cogitataque
1435 1634 1662 1681 purgantur,
1690 1632 1826 1671 altiora
1851 1633 1967 1679 fiunt,
1994 1633 2146 1682 qualem
2173 1633 2287 1671 etiam
2313 1643 2427 1671 accu-

189 1703 310 1741 ratior
336 1700 449 1739 nobis
477 1698 559 1747 iam
584 1697 652 1735 dat
677 1698 840 1735 naturae
867 1696 1118 1745 rationisque,
1150 1695 1189 1734 in
1222 1695 1397 1735 omnibus
1423 1694 1539 1734 rebus
1566 1694 1747 1741 efficacis,
1779 1693 1934 1745 physica
1958 1697 2075 1744 atque
2100 1695 2224 1745 logica
2251 1695 2428 1746 cognitio,

189 1764 240 1805 ad
267 1772 459 1804 summam
481 1759 554 1799 Dei
588 1769 667 1799 non
693 1758 818 1798 solum
846 1758 1154 1805 admirationem,
1190 1768 1322 1798 verum
1354 1758 1469 1797 etiam
1495 1758 1691 1796 caritatem
1715 1756 1869 1796 ducens.
1924 1756 2071 1797 Clarior
2104 1760 2234 1797 autem
2260 1757 2335 1797 Dei
2361 1769 2426 1797 co·

189 1828 307 1880 gnitio
342 1825 562 1865 necessario
596 1823 829 1861 teneriorem
865 1822 946 1870 ejus
982 1832 1175 1867 amorem,
1209 1822 1378 1860 tenerior
1403 1821 1484 1870 ejus
1509 1830 1621 1858 amor
1645 1821 1862 1859 necessario
1888 1821 2148 1860 sublimiorem
2175 1820 2292 1860 officii
2318 1831 2425 1860 vere-

190 1891 387 1936 cundiam,
420 1886 618 1928 sublimior
645 1885 807 1935 denique
834 1884 947 1924 officii
972 1884 1199 1924 verecundia
1224 1884 1435 1924 firmiorem
1469 1883 1508 1923 in
1531 1883 1669 1924 virtute
1696 1884 1948 1925 constantiam
1972 1885 2189 1926 necessario
2215 1882 2344 1935 gignit.

380 1950 444 1991 Sic
470 1950 543 1990 alia
566 1949 648 1999 jam
671 1948 772 1987 facta
799 1949 856 1986 est
881 1948 979 1986 vitae
1005 1949 1160 1985 nostrae
1186 1947 1284 1985 ratio
1311 1949 1427 1996 atque
1453 1947 1620 1985 severior
1646 1946 1728 1996 ejus
1752 1946 1957 1997 disciplina,
1984 1950 2023 1987 et
2043 1948 2125 1998 jam
2151 1958 2231 1987 non
2255 1947 2425 1997 angustis

190 2015 377 2056 Graeciae
403 2015 470 2054 aut
487 2011 583 2052 Latii
613 2010 751 2051 finibus
778 2010 933 2057 inclusa,
961 2009 1029 2050 sed
1058 2020 1128 2060 per
1154 2009 1338 2060 maj0rem
1355 2008 1538 2062 Europae
1563 2013 1726 2062 partem,
1752 2020 1823 2062 per
1844 2011 1991 2063 amplas
2016 2011 2219 2052 Americae
2244 2010 2421 2063 regiones

189 2078 343 2125 diffusa,
375 2078 414 2117 et
438 2076 563 2127 prima
589 2073 702 2124 hujus
735 2073 775 2113 in
801 2073 934 2112 melius
962 2072 1086 2111 sactae
1112 2072 1332 2111 mutationis
1358 2073 1467 2123 origo
1494 2083 1603 2120 sane,
1638 2073 1678 2111 id
1704 2073 1809 2123 quod
1836 2076 1970 2113 contra
1994 2075 2238 2113 naturalistas
2264 2084 2423 2112 monen-

186 2143 280 2182 dum
307 2143 384 2188 est,
411 2150 435 2179 a
463 2138 631 2183 Christo,
665 2136 788 2175 divino
816 2136 1033 2186 disciplinae
1058 2138 1213 2175 nostrae
1239 2135 1395 2174 moralis
1422 2138 1582 2175 auctore
1614 2138 1730 2186 atque
1758 2136 1957 2176 conditore
1981 2137 2190 2187 repetenda
2216 2139 2285 2176 est.
2337 2135 2423 2176 Ple·

184 2215 273 2245 nam
301 2203 363 2243 hic
390 2204 506 2252 atque
534 2200 840 2240 consummatam
867 2199 916 2238 ab
941 2198 1113 2246 homine,
1149 2209 1265 2249 quem
1291 2197 1364 2238 Dei
1390 2199 1670 2250 possessionem
1701 2199 1930 2239 assentiente
1955 2200 2103 2240 ratione
2131 2210 2215 2240 esse
2241 2198 2422 2246 declarat,

183 2270 379 2312 virtutem,
416 2265 658 2305 sanctitatem
689 2262 878 2313 postulat;
901 2263 958 2301 ·in
993 2262 1256 2301 mediocritate
1291 2262 1460 2312 quadam
1492 2261 1734 2312 perfectionis
1773 2273 1853 2302 non
1884 2263 2070 2309 subsistit;
2113 2263 2270 2314 impellit
2305 2265 2422 2314 atque

182 2334 312 2382 urget,
343 2332 405 2377 ut,
438 2329 628 2380 quantum
661 2336 733 2377 pro
765 2325 903 2365 virium
933 2324 1050 2364 modo
1076 2325 1288 2375 possimus,
1320 2324 1615 2376 progrediamur
1645 2324 1761 2375 idque
1791 2335 1864 2375 pro
1889 2324 2022 2365 intimo
2048 2326 2131 2374 illo,
2166 2336 2245 2377 quo
2272 2336 2420 2366 summa

183 2395 351 2434 omnium
377 2393 506 2443 legum
536 2390 770 2435 continetur,
796 2399 889 2439 erga
914 2388 1059 2434 Deum,
1087 2398 1179 2438 erga
1203 2399 1275 2428 nos
1300 2388 1423 2439 ipsos,
1452 2399 1544 2439 erga
1570 2388 1665 2428 alios
1693 2398 1836 2428 amore.
1890 2388 2120 2430 Societatem
2148 2389 2346 2430 hominum
2372 2400 2417 2430 ex

182 2458 256 2498 hac
282 2458 365 2507 lege
392 2456 641 2495 constitutam
665 2455 778 2492 vocat
804 2452 969 2491 coeleste
996 2462 1174 2501 regnum,
1201 2451 1252 2491 ad
1278 2451 1382 2502 quod
1408 2454 1497 2491 ante
1523 2451 1652 2491 omnia
1678 2450 1787 2490 nobis
1816 2451 2033 2493 enitendum
2061 2453 2124 2500 sit,
2155 2454 2200 2492 ut
2225 2452 2306 2503 ejus
2334 2463 2419 2493 eva-

182 2522 317 2561 damus
341 2521 548 2559 consortes.
602 2516 719 2557 Hunc
745 2515 861 2555 finem
887 2514 997 2554 nobis
1024 2514 1280 2565 appetendum
1307 2525 1391 2555 esse
1417 2514 1531 2555 docet
1556 2525 1628 2566 per
1651 2524 1781 2554 veram
1806 2516 1927 2556 nostri
1952 2517 2126 2568 ipsorum
2154 2516 2419 2567 cognitionem,

181 2585 234 2624 ita
267 2586 312 2623 ut
336 2595 415 2623 non
439 2592 536 2621 vana
562 2580 742 2632 opinione
776 2580 815 2618 et
840 2578 955 2618 nimia
980 2577 1101 2618 nostri
1128 2578 1405 2618 existimatione
1430 2578 1622 2619 nobismet
1646 2577 1735 2629 ipsis
1761 2578 2001 2629 placeamus,
2038 2578 2106 2620 sed
2140 2581 2224 2620 tum
2250 2578 2417 2625 demum,

184 2648 248 2685 ubi
274 2646 521 2691 senserimus,
550 2644 707 2683 nomina
733 2643 867 2680 nostra
892 2641 931 2679 in
957 2641 1179 2680 coelestium
1206 2640 1346 2679 tabulis
1372 2641 1554 2692 inscripta
1580 2651 1676 2687 esse,
1703 2651 1803 2690 quae
1827 2642 1944 2692 ipsius
1969 2642 2134 2682 formula
2161 2645 2220 2681 est
2245 2652 2295 2681 ex
2320 2641 2418 2680 illius

183 2710 315 2810 aetat?
341 2710 468 2747 mente
496 2708 608 2747 dicta.
662 2705 813 2745 Deinde
838 2705 1011 2742 intimam
1037 2714 1127 2741 cum
1153 2704 1235 2752 ipso
1266 2705 1575 2744 communionem
1599 2703 1781 2755 postulat,
1807 2707 1851 2743 ut
1876 2706 1926 2744 ab
1953 2706 2049 2756 ipso,
2076 2716 2227 2744 summo
2248 2704 2417 2744 omnium

183 2782 222 2811 m
274 2770 282 2778 ‘
303 2772 364 2809 tro
391 2774 508 2822 atque
534 2770 652 2817 duce,
690 2770 809 2819 atque
835 2777 886 2807 ex
908 2766 1026 2817 ipsius
1052 2765 1225 2807 doctrina
1252 2767 1291 2806 et
1314 2765 1491 2819 exemplo
1519 2775 1709 2807 summam
1733 2767 1908 2819 regulam
1934 2768 2118 2810 sentiendi
2143 2770 2261 2818 atque
2282 2766 2416 2818 agenffl

183 2843 227 2873 re
275 2834 418 2880 tamus,
451 2835 580 2884 itaque
607 2842 761 2883 semper
792 2831 832 2868 in
858 2831 967 2868 recta
991 2829 1049 2867 via
1084 2832 1198 2877 atque
1224 2830 1375 2869 ratione
1400 2832 1677 2870 contineamur.
1730 2829 1831 2869 Nam
1862 2831 1902 2869 in
1928 2830 2079 2871 Christo
2106 2832 2189 2880 ipsa
2214 2830 2324 2869 nobis
2351 2830 2416 2870 de-

248 2896 325 2946 ‘pta
351 2898 409 2935 est
433 2898 531 2936 ratio
568 2908 590 2936 e
614 2896 700 2935 Deo
725 2896 834 2941 nata,
871 2903 972 2943 quae
998 2892 1133 2932 eadem
1158 2894 1414 2943 praestantior
1439 2905 1530 2944 pars
1558 2895 1616 2933 est
1646 2892 1785 2932 mentis
1812 2891 2017 2935 humanae.
2074 2893 2146 2934 Est
2169 2892 2284 2943 igitur
2310 2890 2417 2934 Chri-

181 2960 264 2999 stus
290 2956 409 2999 homo
434 2960 595 3000 naturae
619 2957 813 3000 humanae
830 2957 1094 3010 prototypum,
1120 2955 1224 3007 quod
1249 2954 1518 3008 psychologice
1546 2956 1743 3009 cognitum
1769 2955 1913 2997 babere
1938 2958 1996 2998 vei
2022 2957 2191 2998 maxime
2217 2956 2267 2997 ad
2287 2967 2415 2998 veram
