2634 3601
199 286 430 334 sericordiae
466 283 610 327 sensu?
654 286 817 327 lntimus
850 290 966 328 animi
999 290 1112 329 dolor
1134 299 1224 333 eos,
1256 288 1323 335 qui
1352 288 1451 326 tales
1478 288 1718 332 exstiterimt,
1758 286 1809 325 ad
1840 286 2058 324 docendum
2083 286 2245 335 impulit.
2300 284 2435 334 Quum

201 348 325 405 igitur
343 348 621 402 sapientissimo
648 349 787 403 cuique
813 349 1018 394 dolendum
1044 351 1110 401 sit,
1135 351 1182 392 ut
1207 349 1256 390 sit
1281 348 1520 397 misericors,
1545 356 1783 401 opponemus
1808 347 2027 390 Stoicorum
2054 347 2251 390 doctrinae
2277 348 2328 390 de
2353 362 2434 390 non

199 412 366 454 dolendo
394 412 651 453 Christianam
686 414 735 453 de
760 417 865 454 recte
892 415 1068 455 dolendo.
1122 414 1223 454 Nam
1249 422 1341 452 sane
1366 412 1526 452 accedat
1549 421 1707 451 necesse
1734 413 1793 449 est
1825 411 2037 450 moderatio
2064 411 2217 453 doloris.
2271 412 2433 465 Sapiens

198 477 332 518 noster
357 486 436 516 non
462 476 622 518 nimium
648 475 812 524 dolebit,
842 488 924 517 non
949 478 1175 518 succumbet
1201 475 1341 522 dolori:
1378 476 1502 515 vincet
1528 484 1618 515 eum
1652 477 1690 514 et
1716 474 1831 525 jussis
1858 473 1940 523 ejus
1968 474 2254 525 obtemperans,
2281 479 2430 518 miseri-

198 538 355 579 cordem
387 550 429 579 se
461 540 653 591 praebens
687 538 782 578 alios
817 538 1052 589 adiuvando,
1086 551 1202 592 opem
1238 539 1282 578 iis
1316 538 1491 587 ferendo,
1531 536 1705 579 dolorem
1744 538 1785 577 in
1814 536 2060 589 purissimam
2093 539 2133 577 et
2163 537 2431 588 dulcissimam,

199 612 300 652 quae
333 603 463 641 sentiri
489 605 631 653 potest,
672 602 856 640 laetitiam
884 603 1057 642 mutabit.
1111 602 1314 643 coercebit
1339 602 1510 642 dolorem
1546 613 1595 641 ex
1621 602 1786 641 aliorum
1810 600 1921 639 malis
1947 601 2170 640 nascentem
2197 611 2270 651 pro
2297 602 2432 642 virium

199 675 360 704 suarum
387 665 517 704 modo.
569 664 672 704 Nam
698 663 810 702 facile
841 664 1046 714 intelliget,
1078 676 1120 704 se
1150 675 1229 703 non
1262 666 1436 704 omnibus
1462 666 1628 704 aliorum
1660 664 1770 702 malis
1796 663 2036 701 sublevandis
2068 673 2206 712 parem
2232 674 2333 710 esse;
2373 667 2433 704 cui

198 728 255 769 rei
279 728 419 769 nullius
445 727 611 768 hominis
636 727 735 767 vires
763 725 969 767 sufficiunt.
1024 725 1124 767 Satis
1149 727 1265 777 igitur
1289 726 1462 775 habebit,
1489 730 1641 767 tantum
1660 726 1752 776 justi
1778 725 1876 765 illius
1903 728 1942 765 et
1967 726 2130 765 benefici
2158 725 2302 766 doloris
2327 729 2367 767 in
2394 740 2437 768 se

198 792 391 842 recipere,
419 792 564 839 quanto
591 789 750 828 ferendo
775 788 949 828 sufficiet.
1004 787 1144 829 Cetera
1167 789 1253 828 Deo
1278 791 1481 841 permittet.

382 887 584 936 Pergimus
615 885 666 924 ad
698 886 797 924 iram
824 886 1039 925 accuratius
1072 886 1412 937 contemplandam.
1467 884 1570 924 Sane
1602 882 1723 923 multa
1757 888 1892 924 contra
1922 884 2022 924 iram
2047 885 2235 936 disputari
2260 890 2435 936 possunt,

200 949 315 999 idque
340 949 494 1000 egregie
521 948 610 987 fecit
637 946 785 986 Seneca
822 948 862 986 in
888 948 1067 999 singulari
1094 960 1164 987 suo
1200 950 1247 988 de
1270 950 1328 989 ira
1353 950 1469 995 libro,
1502 947 1801 996 ingeniosissime
1827 948 1990 997 scripto:
2024 949 2093 987 sed
2119 949 2434 998 distinguendum

199 1014 259 1051 est
281 1012 382 1051 inter
408 1012 527 1056 iram,
555 1020 655 1059 quae
681 1011 832 1057 vitium,
865 1011 1039 1060 interque
1064 1011 1180 1058 iram,
1212 1022 1312 1062 quae
1338 1012 1457 1050 virtus
1485 1011 1553 1049 est.
1606 1009 1735 1048 Virtus
1761 1010 1820 1049 ira
1846 1013 1923 1056 est,
1957 1002 2078 1060 quum
2105 1013 2230 1050 oritur
2257 1022 2307 1050 ex
2329 1012 2436 1061 justa

199 1074 477 1125 indignatione,
504 1074 688 1123 concepta
714 1084 764 1112 ex
789 1072 990 1113 hominum
1018 1074 1197 1113 adversus
1223 1075 1369 1114 bonum
1394 1074 1522 1124 ipsum
1550 1072 1845 1120 obduratorum,
1878 1072 2024 1111 bonum
2050 1073 2177 1124 ipsum
2203 1074 2435 1126 impugnan-

200 1137 298 1176 tium
323 1136 485 1183 malitia,
521 1147 621 1185 quae
647 1137 779 1174 sancta
804 1136 863 1175 ira
891 1148 977 1175 cum
1005 1137 1131 1175 studio
1158 1137 1248 1175 boni
1278 1137 1462 1187 augendi,
1495 1137 1733 1185 propagandi
1767 1139 1806 1174 et
1833 1136 1944 1174 simul
1978 1147 2066 1175 cum
2094 1137 2221 1175 studio
2249 1138 2340 1176 mali
2367 1148 2435 1176 ex-

201 1198 385 1251 stirpandi
414 1200 618 1250 conjuncta
644 1201 712 1239 est.
766 1198 842 1239 Sed
868 1198 964 1239 haec
989 1199 1072 1250 ipsa
1098 1199 1335 1240 sanctissima
1364 1200 1422 1239 ira
1453 1201 1668 1250 temperata
1699 1199 1787 1245 erit;
1828 1211 1907 1238 non
1939 1199 2087 1250 franget
2119 1201 2312 1247 animum,
2355 1213 2436 1240 non

201 1264 312 1300 extra
339 1273 380 1300 se
405 1264 547 1314 rapiet,
582 1274 662 1301 non
688 1262 769 1313 ipsa
795 1263 834 1301 in
860 1262 1134 1313 turpitudinem
1159 1264 1328 1313 aliquam
1354 1263 1512 1309 incidet;
1547 1263 1672 1302 aliena
1697 1263 1770 1301 erit
1794 1262 1843 1301 ab
1871 1262 1975 1301 omni
2001 1262 2209 1308 maleficio,
2242 1263 2292 1301 ab
2321 1262 2435 1302 inhu-

204 1326 398 1365 manitate.
452 1326 541 1366 Non
569 1325 707 1376 cupida
732 1325 795 1363 illa
819 1325 1018 1376 puniendi,
1044 1326 1268 1373 ulciscendi,
1294 1336 1474 1377 poenam,
1501 1326 1570 1365 ubi
1596 1327 1631 1365 ei
1657 1325 1765 1365 locus
1791 1327 1882 1373 erit,
1904 1326 2073 1376 justitiae
2099 1325 2351 1372 administris,
2379 1326 2432 1365 le·

201 1400 295 1439 gum
328 1389 549 1429 custodibus
583 1388 788 1439 permittet.
848 1387 1036 1439 Sapientis
1071 1390 1130 1429 ira
1159 1389 1388 1440 plerumque
1426 1390 1528 1429 intra
1561 1389 1740 1436 docendi,
1780 1388 2027 1436 admonendi,
2065 1390 2188 1429 verbis
2222 1390 2434 1439 castigandi

202 1452 300 1492 fines
326 1463 368 1491 se
396 1453 619 1497 continebit;
654 1451 723 1490 sed
748 1462 859 1498 sane,
894 1453 925 1490 si
952 1453 1102 1502 sapiens
1128 1454 1169 1491 in
1194 1453 1324 1501 aliquo
1347 1453 1503 1502 publico
1530 1463 1690 1491 munere
1717 1452 1942 1490 constitutus
1970 1452 2058 1497 erit,
2094 1452 2202 1501 cujus
2229 1454 2335 1490 recte
2362 1452 2432 1490 ad-

204 1514 443 1554 ministrandi
468 1515 567 1554 ratio
593 1514 859 1553 necessitatem
886 1514 922 1553 ei
947 1514 1110 1566 imponit
1133 1515 1334 1566 puniendi,
1360 1515 1451 1555 huic
1476 1527 1549 1567 pro
1576 1516 1744 1555 muneris
1770 1515 1921 1554 ratione
1946 1515 2106 1564 parebit.
2159 1515 2295 1563 Neque
2321 1526 2434 1564 pror-

204 1588 270 1616 sus
306 1577 545 1616 damnaveris
579 1578 677 1616 iram
713 1586 735 1615 e
765 1586 881 1614 sensu
911 1577 1047 1625 privati
1081 1576 1239 1617 honoris
1273 1578 1365 1617 laesi
1399 1581 1543 1624 ortam,
1582 1578 1699 1617 modo
1734 1578 1836 1617 intra
1861 1577 2020 1617 rationis
2052 1577 2153 1628 leges
2180 1579 2435 1624 contineatur,

205 1639 322 1679 modo
348 1640 441 1679 nihil
468 1640 571 1679 aliud
596 1641 704 1689 agat,
741 1649 857 1687 quam
884 1641 929 1677 ut
953 1639 1080 1678 laesae
1106 1640 1277 1689 dignitati
1302 1641 1495 1680 humanae
1517 1641 1581 1690 Jus
1608 1651 1721 1679 suum
1750 1639 1950 1685 reddatur,
1984 1651 2112 1689 neque
2138 1641 2220 1690 ipsa
2251 1641 2291 1679 in
2317 1641 2435 1680 male-

204 1704 336 1742 ficium
359 1703 520 1749 incidat,
552 1701 656 1751 quod
682 1701 727 1739 fit
750 1701 889 1750 injuria
915 1702 1076 1752 injuriae
1101 1702 1321 1752 referenda,
1353 1704 1393 1743 in
1419 1703 1621 1754 singulari,
1654 1702 1760 1752 quod
1784 1704 1963 1749 vocatur,
1992 1703 2215 1749 certamine,
2241 1703 2436 1742 similibus.

205 1766 421 1816 Utrumque
447 1766 528 1804 irae
559 1775 700 1815 genus,
735 1765 774 1802 et
808 1763 858 1802 ad
885 1775 948 1803 res
975 1775 1216 1812 communeS,
1252 1768 1291 1804 et
1325 1766 1376 1805 ad
1402 1778 1464 1805 res
1489 1766 1656 1816 privatas
1682 1765 1924 1815 pertinentis,
1954 1765 2101 1815 justum
2124 1776 2207 1804 esse
2232 1777 2346 1815 posse
2372 1766 2437 1805 de·

206 1829 361 1869 claravit
390 1827 708 1878 locupletissimus
741 1829 898 1867 nostrae
931 1828 1096 1868 nationis
1129 1827 1383 1869 Germanicae
1414 1829 1594 1880 scriptor,
1626 1827 1848 1875 RichteruS,
1880 1828 1946 1879 qui
1969 1827 2127 1868 loannis
2152 1828 2260 1868 Pauli
2297 1840 2438 1880 cogno-

206 1904 298 1933 men
324 1893 395 1932 sibi
421 1891 584 1937 addidit,
618 1891 658 1929 in
683 1891 899 1941 propylaeis
925 1891 1141 1930 aestheticis
1168 1894 1264 1939 suis,
1298 1894 1364 1931 ubi
1390 1892 1545 1932 Achillis
1571 1893 1668 1930 iram
1697 1902 1786 1930 cum
1813 1891 1952 1931 Christi
1977 1893 2035 1931 ira
2064 1893 2296 1943 conjungere
2322 1902 2440 1932 ausus

205 1956 266 1997 h1s
290 1956 372 1997 fere
397 1955 522 1995 verbis
547 1964 640 1994 usus
667 1956 744 1993 est:
790 1964 940 2004 „quam
964 1954 1082 1993 nobili
1109 1956 1225 1994 animi
1251 1966 1367 1994 sensu
1392 1958 1541 2001 motus,
1577 1965 1693 2004 quam
1721 1956 1873 2005 egregie
1895 1956 2077 2005 irascitur
2102 1954 2284 1996 Achilles!
2323 1967 2440 2006 quam

205 2020 383 2061 nobiliori
410 2030 541 2066 sensu,
568 2028 687 2068 quam
712 2017 911 2056 sublimius
937 2017 1115 2057 irascitur
1141 2014 1369 2057 Christus!“

393 2102 503 2142 Justa
528 2100 606 2147 ira,
639 2110 739 2150 quae
764 2100 884 2139 virtus
911 2099 985 2146 est,
1022 2098 1225 2150 conjuncta
1257 2110 1347 2139 cum
1373 2109 1526 2139 summo
1553 2099 1644 2139 boni
1670 2109 1822 2147 amore,
1856 2098 2021 2151 denique
2054 2101 2094 2141 in
2120 2100 2304 2142 laetitiam
2329 2102 2440 2142 vertit

209 2172 341 2210 natam
367 2178 417 2207 ex
443 2165 674 2204 conscientia
699 2164 814 2209 recti,
842 2173 919 2212 qua
946 2162 1105 2201 affectus
1131 2165 1164 2202 is
1191 2164 1281 2210 erit,
1313 2164 1378 2213 qui
1405 2164 1558 2210 sentiet,
1591 2174 1632 2202 se
1658 2174 1731 2213 pro
1758 2163 1854 2202 virili
1889 2174 1960 2202 sua
1986 2165 2096 2214 parte
2122 2164 2289 2202 malitiae
2315 2163 2440 2202 homi-

210 2243 306 2273 num
331 2228 532 2275 restitisse,
559 2237 695 2266 causas
721 2225 812 2265 mali
838 2225 1037 2273 minuisse,
1068 2226 1159 2266 boni
1184 2226 1280 2266 fines
1306 2226 1511 2277 protulisse
1542 2230 1659 2276 atque
1685 2226 1850 2265 aliorum
1877 2226 2113 2273 felicitatem,
2144 2228 2302 2265 remotis
2329 2227 2440 2266 malis

211 2306 261 2335 ex
287 2294 451 2334 aliorum
475 2290 646 2340 nequitia
668 2290 779 2336 ortiS,
804 2288 968 2327 auxisse.

396 2358 567 2413 Maxime
603 2372 767 2421 denique
802 2370 952 2409 differet
982 2371 1130 2421 sapiens
1157 2369 1391 2411 Christianus
1423 2381 1448 2410 a
1475 2370 1605 2410 Stoico
1640 2370 1791 2418 intimo,
1826 2381 1936 2418 vero,
1971 2371 2133 2418 sincero,
2159 2381 2238 2411 non
2265 2372 2441 2423 specioso

213 2448 341 2489 neque
365 2437 497 2477 fucato
524 2447 594 2477 suo
622 2446 715 2485 erga
740 2434 835 2474 alios
862 2444 1013 2480 amore,
1048 2445 1164 2482 quem
1193 2435 1233 2473 in
1261 2436 1366 2474 omni
1391 2435 1541 2472 ratione
1569 2445 1639 2472 sua
1667 2445 1756 2472 cum
1781 2434 1863 2472 aliis
1890 2434 2043 2484 agendi,
2077 2435 2266 2484 probabit.

401 2518 489 2559 Hoc
528 2520 569 2559 in
599 2519 686 2558 loco
718 2515 919 2556 tractando
953 2526 1038 2555 eam
1083 2516 1131 2554 ob
1169 2527 1326 2555 causam
1359 2516 1603 2555 brevissimus
1637 2528 1721 2556 esse
1755 2520 1910 2567 potero,
1952 2518 2041 2567 quia
2078 2528 2212 2556 omnes
2246 2517 2446 2556 doctrinae

218 2582 455 2623 Christianae
487 2583 664 2622 doctores
696 2582 812 2621 etiam
846 2581 888 2620 in
920 2579 1054 2631 puerili
1088 2579 1323 2619 institutione
1356 2579 1614 2631 copiosissime
1641 2580 1784 2619 versari
1818 2579 1942 2620 solent
1973 2580 2012 2620 in
2037 2579 2110 2620 hac
2134 2578 2319 2631 peculiari
2346 2579 2447 2619 illius

218 2646 417 2686 doctrinae
443 2648 560 2694 atque
585 2645 773 2696 palmaria
798 2646 909 2695 parte
935 2642 1167 2693 explicanda,
1194 2654 1294 2693 quae
1321 2645 1378 2682 est
1403 2643 1451 2682 de
1479 2654 1631 2682 summo
1659 2643 1741 2682 aliis
1765 2643 1995 2693 praestando
2012 2653 2167 2693 hamore.
2213 2642 2253 2682 Si
2279 2643 2320 2682 in
2346 2653 2448 2682 uno·

219 2720 393 2760 quoque,
427 2708 544 2747 etiam
570 2709 610 2747 in
636 2708 762 2746 minus
790 2707 922 2753 docto,
952 2706 1106 2745 homine
1133 2705 1346 2745 Christiano
1378 2705 1475 2744 haec
1507 2706 1714 2756 praecipue
1744 2707 1955 2756 requiritur
1980 2707 2115 2754 virtuS‚
2149 2708 2297 2756 quanto
2324 2707 2450 2757 magis

217 2771 491 2824 postulandum
517 2770 608 2817 erit,
646 2773 692 2809 ut
718 2771 855 2810 eadem
883 2770 1045 2810 emineat
1070 2770 1119 2816 is,
1151 2770 1191 2808 in
1218 2779 1296 2818 quo
1324 2769 1373 2807 ad
1399 2768 1591 2818 religionis
1616 2772 1823 2819 praecepta
1850 2769 2111 2808 communium
2138 2769 2342 2809 literarum
2370 2771 2451 2809 cul·

217 2837 309 2875 tura
335 2833 500 2881 accedit,
528 2832 691 2882 denique
717 2833 772 2880 is,
799 2833 865 2883 qui
894 2832 1132 2883 sapientiam,
1167 2831 1207 2871 id
1233 2834 1310 2879 est,
1338 2842 1529 2871 summam
1556 2834 1661 2871 recte
1688 2832 1872 2871 sentiendi
1899 2834 2015 2881 atque
2042 2832 2180 2882 agendi
2207 2836 2335 2872 artem
2362 2845 2454 2884 pro·

219 2898 361 2940 fitetur.
415 2897 548 2948 Quum
573 2907 725 2938 summa
751 2895 987 2939 Christianae
1013 2895 1210 2937 doctrinae
1237 2907 1407 2945 summo,
1444 2896 1509 2946 qui
1535 2896 1575 2936 in
1601 2896 1683 2946 ipso
1711 2895 1796 2936 Deo
1822 2898 1890 2943 est,
1924 2906 2057 2935 amore
2085 2899 2204 2947 atque
2230 2898 2320 2937 inde
2348 2909 2452 2938 ema-

2240 2973 2270 3019 S
