2634 3601
397 323 435 362 Si
462 322 623 374 denique
650 324 887 374 quaerimus,
922 336 998 376 qua
1023 326 1179 365 tandem
1204 335 1249 362 re
1275 325 1425 374 sapiens
1453 327 1686 368 Christianus
1721 328 1863 379 vulgari
1897 329 2053 368 homine
2082 327 2297 368 Christiano
2326 339 2438 379 supe-

212 389 290 424 rior
323 388 387 430 sit,
423 387 526 425 nulla
559 387 634 425 alia
667 398 727 433 re,
763 389 1096 437 respondebimus,
1129 388 1202 426 nisi
1236 387 1340 436 quod
1372 388 1422 426 ad
1449 399 1536 428 eam
1562 391 1678 428 animi
1703 391 1914 429 bonitatem
1939 394 2056 443 atque
2082 393 2284 443 pietatem,
2320 401 2439 442 quam

213 449 275 488 ille
302 461 350 488 ex
380 450 568 500 religionis
595 451 806 500 praeceptis
832 453 1041 498 exercebit,
1068 450 1268 491 sublimior
1292 451 1331 489 in
1357 461 1404 490 eo
1431 453 1548 492 animi
1577 452 1727 492 cultura
1754 456 1793 491 et
1819 456 2032 494 accuratior
2058 466 2275 500 causarum,
2303 454 2440 493 finium

216 515 255 549 et
287 513 599 552 consecutionum
632 512 788 551 scientia
821 514 985 560 accedit,
1018 525 1095 563 qua
1121 512 1268 552 facilius
1292 513 1477 561 inveniet,
1513 514 1710 565 quomodo
1737 517 1889 554 rectum
1923 515 2038 553 etiam
2070 527 2118 554 ex
2143 517 2301 555 rationis
2327 526 2439 566 prae-

214 574 331 624 ceptis
359 575 534 615 omnibus
568 576 607 615 in
634 574 750 614 rebus
773 574 1052 615 observandum
1079 576 1146 623 sit,
1181 574 1375 625 quomodo
1403 575 1548 616 facilius
1575 587 1750 617 errorem
1784 576 1919 629 procul
1946 575 2106 622 habeat,
2138 579 2330 626 quomodo
2358 589 2440 619 cer-

213 637 288 673 tius
314 639 547 685 ingrediatur
574 641 613 676 in
640 641 745 676 recta
771 638 848 682 via,
875 639 1070 686 quomodo
1095 640 1182 687 plus
1209 648 1324 685 quam
1350 639 1411 676 alii
1438 642 1564 692 minus
1593 640 1694 677 docti
1723 640 1895 677 conferat
1922 641 1972 678 ad
1996 650 2245 678 communem
2271 643 2440 677 omnium

212 700 328 748 atque
363 700 599 750 singulorum
633 699 793 739 salutem
829 699 1114 745 stabiliendam,
1147 700 1378 749 augendam;
1417 702 1483 740 sed
1516 701 1613 740 haec
1651 704 1917 740 consummata
1953 703 1992 741 in
2027 702 2198 752 sapiente
2230 699 2442 740 Christiano

210 762 366 802 rationis
393 763 588 813 perfectio,
615 773 715 813 quae
742 763 781 802 in
808 761 986 802 omnibus
1013 762 1094 813 eJ‘us
1122 762 1423 812 cogitationibus,
1450 763 1567 802 animi
1594 763 1773 811 motibus,
1800 764 2014 803 actionibus
2041 763 2229 814 regnabit,
2257 774 2347 802 eum
2365 774 2445 803 non

209 834 232 861 a
259 824 361 869 Deo,
389 827 562 864 omnium
589 836 720 864 rerum
747 825 870 871 fonte,
901 836 981 864 non
1016 836 1039 863 a
1068 826 1267 874 religione,
1301 826 1405 874 quus
1431 827 1606 864 intimam
1633 827 1821 865 rationem
1849 829 2089 876 perspectam
2117 826 2253 871 habet,
2289 837 2368 864 non
2394 827 2443 864 ab

209 887 372 928 aliorum
400 901 533 929 amore
560 890 712 936 avellet,
739 889 805 929 sed
833 889 980 930 firmius
999 902 1089 929 eum
1116 889 1166 929 ad
1183 887 1254 927 Dei
1274 889 1579 933 venerationem,
1607 889 1657 928 ad
1675 891 1875 940 pietatem.
1902 891 1950 930 ad
1976 893 2149 929 sanctam
2176 889 2304 929 officio
2332 901 2441 940 prae-

211 951 383 992 standam
412 951 685 1000 obedientiam,
720 951 884 1004 denique
911 951 958 992 ad
986 951 1154 992 debitum
1181 951 1261 990 aliis
1289 960 1462 991 amorem
1490 950 1707 1002 adstringet.
