2634 3601
199 313 341 348 artium
379 312 537 348 semina.
591 311 770 354 Accedit,
804 311 907 357 quod
943 320 1009 355 ea,
1046 322 1147 360 quae
1173 313 1328 362 proprie
1355 313 1513 358 dicitur,
1547 321 1677 350 rerum
1704 311 1862 349 scientia
1892 313 2010 359 atque
2040 311 2124 360 ipsa
2152 312 2339 362 sapientia
2368 321 2450 349 non

199 374 413 413 universam
443 372 571 423 explet
598 372 748 423 generis
775 370 937 412 humani
963 376 1156 415 naturam.
1217 374 1365 414 Multae
1391 376 1506 415 etiam
1533 374 1629 414 aliae
1654 373 1744 412 sunt
1769 372 1904 412 literae
1938 373 2056 422 atque
2081 377 2204 421 artes,
2239 385 2339 425 quae
2365 384 2446 414 ma·

196 445 309 484 gnam
344 435 419 472 vim
446 434 592 473 habent
627 434 678 472 ad
704 435 923 473 universam
951 437 1066 473 vitam
1095 436 1305 474 humanam
1335 434 1665 480 conformandam,
1698 442 1864 483 quarum
1892 433 2035 472 artium
2066 434 2138 484 ipsi
2164 435 2290 477 fontes
2317 437 2357 476 in
2382 447 2445 477 ve·

194 500 322 534 terum
358 497 543 546 operibus
568 497 825 534 inveniuntur.
879 496 943 534 Sic
971 497 1135 545 exempli
1164 507 1281 534 causa
1306 501 1425 547 patet,
1452 497 1577 548 poesis
1603 497 1785 546 antiquae
1813 495 1979 535 formam
2004 497 2158 546 penitus
2186 500 2379 547 cognitam
2406 502 2448 538 et

192 561 439 610 perspectam
466 558 611 597 habere
646 569 802 596 necesse
836 568 920 596 esse
947 569 1055 603 eum,
1090 558 1155 606 qui
1182 558 1298 608 paulo
1329 560 1610 599 accuratiorem
1634 559 1834 598 universae
1868 558 1960 597 artis
1986 559 2161 610 poeticae
2189 560 2446 610 cognitionem

196 632 426 671 comparare
453 622 522 659 sibi
550 621 661 658 volet.
716 620 824 658 Idem
847 620 1100 669 Judicandum
1128 623 1185 659 est
1212 621 1260 659 de
1288 624 1424 661 ceteris
1451 623 1609 660 artibus.

382 702 458 742 Sed
492 705 536 741 ut
563 703 643 751 jam
673 704 846 741 revertor
880 702 929 741 ad
966 704 1176 752 sapientem
1203 702 1327 749 illum,
1364 717 1480 754 quem
1509 715 1706 755 opponere
1732 702 1875 742 institui
1903 700 2033 742 Stoico
2062 705 2240 754 sapienti,
2275 703 2373 743 duas
2399 706 2440 744 in

195 769 323 817 partes
359 766 407 806 de
442 777 488 806 eo
522 765 723 811 disseram,
758 766 928 815 primum
964 766 1013 806 de
1049 769 1155 806 recta
1188 766 1270 816 ejus
1306 768 1574 808 aestimatione
1608 767 1685 814 sui,
1726 764 1863 805 deinde
1900 764 1948 805 de
1982 769 2089 807 recta
2122 768 2203 818 eJus
2238 778 2327 807 cum
2360 766 2448 807 aliis

191 829 329 878 agendi
356 829 513 867 ratione.

379 911 552 949 Primum
580 912 720 955 statuo,
749 909 787 948 id
816 910 920 959 quod
949 909 1066 949 Stoici
1096 914 1341 960 negaverunt,
1368 913 1566 962 poenitere
1593 912 1805 962 sapientem
1830 922 1909 951 non
1935 910 2061 950 solum
2088 921 2202 961 posse
2228 910 2297 951 sed
2323 911 2440 951 etiam

193 972 344 1011 debere.
399 973 482 1011 Hoc
518 973 633 1011 etiam
669 972 845 1010 doctrina
882 971 1097 1011 Christiana
1131 973 1279 1012 initium
1317 974 1407 1013 facit
1443 976 1566 1013 omnis
1598 974 1766 1013 melioris
1801 974 1911 1013 vitae.
1965 974 2148 1012 Animum
2183 973 2232 1012 ad
2266 975 2439 1012 nostram

192 1036 361 1084 ipsorum
387 1038 565 1073 naturam
594 1035 835 1073 attendentes
864 1034 1055 1084 duplicem
1082 1035 1184 1074 hanc
1210 1047 1311 1083 esse,
1344 1037 1504 1075 alteram
1533 1037 1716 1082 divinam,
1743 1036 1905 1074 alteram
1931 1037 2165 1081 terrestrem,
2192 1037 2439 1081 inveniemus

192 1107 267 1135 una
301 1107 348 1135 ex
376 1100 485 1148 parte
511 1108 643 1136 rerum
672 1098 906 1148 optimarum
937 1108 1138 1148 capacem,
1172 1099 1291 1139 altera
1330 1110 1378 1139 ex
1410 1102 1520 1151 parte
1555 1099 1605 1139 ad
1631 1098 1871 1150 peccandum
1896 1098 2115 1149 proclivem.
2168 1098 2261 1138 Inde
2288 1098 2438 1149 sapiens

190 1162 320 1197 noster
353 1159 543 1208 intelligit,
578 1170 619 1197 se
655 1171 855 1208 nunquam
890 1160 1051 1208 periculi
1084 1161 1266 1209 peccandi
1303 1164 1502 1210 expertem
1536 1172 1637 1206 essc;
1677 1162 1808 1210 itaque
1839 1161 2008 1210 primum
2042 1160 2081 1198 id
2115 1160 2318 1206 concedet,
2353 1160 2438 1198 fieri

190 1231 318 1270 posse,
351 1225 394 1260 ut
421 1224 570 1272 peccet,
605 1224 643 1260 et
670 1224 772 1268 tum,
811 1233 932 1272 quum
960 1224 1188 1272 peccaverit,
1223 1224 1422 1273 poenitere
1460 1225 1498 1262 ct
1529 1223 1656 1274 ipsum
1688 1233 1845 1262 necesse
1878 1222 1973 1262 fore.
2027 1222 2142 1262 Nullo
2170 1222 2287 1262 modo
2322 1222 2439 1272 igitur

188 1284 384 1322 damnabit
411 1285 504 1322 illud
538 1286 664 1334 ipsum
691 1286 901 1335 poenitere.
956 1286 1136 1332 Accedit,
1168 1286 1272 1335 quod
1299 1287 1583 1335 unusquisque,
1610 1286 1727 1324 etiam
1754 1286 2068 1336 sapientissimus,
2097 1286 2289 1332 concedit,
2322 1286 2436 1324 abso·

189 1347 307 1385 lutam
335 1347 610 1397 perfectionem
639 1350 803 1386 naturae
829 1347 1025 1387 humanae
1051 1352 1230 1398 negatam
1252 1361 1355 1394 essc;
1390 1349 1491 1388 idem
1518 1348 1640 1398 probe
1667 1349 1850 1400 intelligit,
1877 1360 2029 1399 semper
2056 1348 2242 1399 quasdam
2268 1349 2436 1389 alternas

187 1410 339 1458 majoris
368 1411 425 1449 vel
452 1412 611 1449 minoris
641 1410 885 1460 perfectionis
920 1412 1037 1460 atque
1065 1413 1302 1451 constantiae
1334 1413 1374 1450 in
1400 1413 1476 1450 vita
1502 1422 1572 1450 sua
1599 1412 1682 1450 fore
1708 1413 1827 1457 vices;
1868 1423 1909 1451 se
1935 1412 2052 1461 igitur
2077 1423 2277 1462 nunquam
2303 1412 2436 1462 poeni-

187 1473 285 1511 tendi
314 1475 541 1514 necessitate
568 1484 727 1524 prorsus
755 1476 938 1528 exeptum
966 1473 1069 1520 fore,
1106 1485 1333 1525 semperque
1368 1486 1519 1514 memor
1550 1475 1623 1514 erit
1656 1475 1754 1514 illius
1780 1475 1904 1514 vocis:
1945 1475 2011 1524 qui
2046 1476 2178 1522 stabit,
2211 1474 2353 1521 videat,
2387 1485 2437 1514 ne

186 1536 347 1573 labatur.
407 1536 484 1573 Sed
512 1548 633 1585 quum
669 1537 706 1573 in
741 1537 954 1573 minoribus
988 1538 1139 1573 tantum
1174 1538 1249 1574 labi
1281 1538 1423 1586 poterit
1456 1538 1624 1585 sapiens,
1659 1536 1844 1588 (alioquin
1877 1537 2026 1584 sapiens
2058 1548 2138 1573 non
2172 1534 2305 1588 esset),
2337 1547 2435 1574 nun·

185 1610 300 1646 quam
340 1599 378 1636 in
414 1612 462 1638 eo
491 1601 564 1638 erit
590 1603 671 1637 tam
699 1599 863 1637 acerbus
896 1599 958 1637 ille
984 1599 1202 1649 poenitendi
1231 1612 1383 1645 sensus,
1417 1601 1484 1648 qui
1511 1601 1683 1638 animum
1710 1599 1917 1645 excruciet,
1953 1599 2018 1638 sed
2045 1600 2197 1638 mollior
2223 1600 2263 1638 in
2288 1611 2336 1639 eo
2364 1599 2437 1638 erit

185 1662 241 1700 sui
270 1663 482 1712 castigatio,
517 1673 617 1712 quae
645 1662 743 1701 adeo
772 1662 955 1701 laetitiam
984 1674 1033 1702 ex
1060 1666 1241 1713 superato
1269 1664 1372 1703 malo
1401 1663 1705 1702 efflorescentem
1731 1663 1860 1713 gignit.

371 1743 499 1790 Aliud,
527 1744 567 1782 in
595 1754 672 1794 quo
701 1742 850 1793 sapiens
879 1741 1114 1782 Christianus
1141 1744 1267 1783 differt
1292 1754 1316 1782 a
1337 1743 1478 1790 Stoico,
1505 1746 1544 1782 et
1570 1744 1694 1795 ipsum
1722 1743 1876 1794 quidem
1904 1745 2032 1782 ortum
2059 1753 2082 1781 e
2106 1742 2432 1794 contemplatione

187 1807 435 1852 infirmitatis,
471 1818 572 1856 quae
610 1810 775 1845 naturae
810 1807 1003 1845 humanae
1036 1808 1148 1845 insita
1183 1810 1259 1852 est,
1294 1807 1481 1844 modestia
1516 1810 1573 1845 est
1607 1807 1744 1852 animi,
1778 1817 1855 1855 qua
1888 1817 1968 1844 non
1996 1806 2156 1844 nimium
2188 1807 2259 1844 sibi
2286 1806 2432 1852 tribuit,

186 1880 311 1918 neque
345 1870 485 1908 nimios
522 1870 593 1908 sibi
631 1869 783 1920 spiritus
819 1869 954 1915 sumit,
988 1869 1055 1908 sed
1088 1870 1147 1908 sui
1182 1868 1484 1908 aestimationem
1517 1869 1617 1908 intra
1651 1869 1800 1908 debitos
1827 1869 1922 1908 fines
1950 1868 2130 1907 continet.
2186 1867 2304 1908 Stoici
2330 1867 2431 1908 diee-

189 1933 301 1976 hant,
338 1943 379 1969 se
414 1934 518 1970 omni
555 1933 672 1969 animi
709 1933 966 1970 commotione
1000 1943 1159 1977 vacare;
1191 1943 1316 1980 neque
1350 1933 1447 1969 iram
1479 1943 1605 1981 neque
1638 1932 1940 1970 misericordiam
1971 1932 2010 1969 in
2044 1942 2086 1969 se
2114 1932 2271 1977 cadere,
2304 1942 2433 1981 neque

188 1995 305 2034 ullum
345 1995 536 2040 dolorem;
583 1994 718 2034 deinde
757 1995 924 2034 externis
964 1994 1075 2033 bonis
1107 1994 1252 2034 nullam
1288 2005 1445 2043 prorsus
1477 1996 1551 2034 vim
1586 1995 1635 2035 ad
1668 1995 1824 2035 beatam
1854 1994 1970 2034 vitam
2007 1994 2178 2034 tribuere
2209 1994 2432 2044 sapientem,

186 2056 250 2095 sed
277 2067 436 2108 prorsus
464 2067 510 2096 ea
539 2059 797 2096 contemnere.
851 2055 1063 2095 Modestius
1102 2055 1149 2095 de
1176 2058 1316 2094 natura
1343 2055 1512 2096 humana
1539 2057 1653 2096 sentit
1679 2057 1810 2096 noster
1838 2055 1987 2108 sapiens
2023 2057 2139 2107 atque
2166 2055 2264 2095 adeo
2292 2066 2430 2096 conce-

185 2122 256 2165 dit,
294 2123 409 2159 ctiam
446 2122 485 2159 in
520 2133 561 2159 se
595 2121 732 2159 cadere
767 2122 1043 2159 commotiones
1076 2121 1209 2165 animi,
1245 2121 1356 2158 irasci
1390 2133 1431 2159 se
1460 2132 1592 2170 posse,
1624 2120 1886 2159 misericordia
1919 2132 1961 2159 se
1987 2122 2151 2165 moveri,
2187 2120 2361 2158 dolorem
2388 2131 2430 2159 se

183 2195 256 2222 non
284 2195 442 2234 prorsus
470 2195 670 2230 recusare,
705 2183 772 2222 sed
806 2183 973 2232 aliquam
1005 2185 1043 2222 in
1078 2195 1119 2221 se
1146 2184 1219 2222 vim
1255 2184 1289 2222 ei
1327 2185 1559 2229 concedere,
1593 2183 1730 2223 deinde
1757 2185 1872 2223 etiam
1900 2183 2066 2222 externis
2094 2184 2221 2228 bonis,
2257 2184 2429 2232 quamvis

183 2246 291 2286 «tertis
327 2246 468 2286 finibus
505 2246 855 2298 circumscriptam,
887 2247 1018 2287 tamen
1052 2245 1142 2286 satis
1178 2255 1356 2298 magnam
1394 2246 1469 2286 vim
1496 2244 1741 2286 tribuendam
1766 2254 1849 2286 esse
1882 2244 1930 2285 ad
1962 2243 2179 2285 felicitatem
2205 2242 2426 2286 humanam.

183 2309 266 2345 Non
292 2312 404 2357 igitur
440 2322 481 2348 se
516 2311 652 2347 efferet
690 2320 806 2359 supra
839 2310 1032 2347 naturales
1063 2311 1289 2347 conditionis
1323 2311 1517 2347 humanae
1553 2311 1667 2355 fines,
1701 2319 1827 2358 neque
1864 2312 2013 2347 trucem
2046 2309 2225 2346 fortunae
2258 2312 2429 2358 opponet

182 2374 477 2419 contumaciam,
516 2386 593 2423 qua
629 2375 710 2424 ipsa
748 2373 989 2412 contumacia
1024 2373 1125 2412 mala
1161 2374 1289 2423 potius
1323 2374 1455 2422 augeri
1493 2384 1609 2422 quam
1641 2372 1829 2412 removeri
1862 2375 1930 2412 aut
1955 2372 2118 2422 mitigari
2146 2371 2270 2410 solent
2304 2374 2343 2411 et
2367 2372 2426 2412 vel

180 2434 302 2485 maJ'or
332 2433 506 2475 fortunae
534 2436 727 2476 acerbitas
753 2437 995 2487 provocatur.
1042 2435 1214 2475 Primum
1240 2446 1290 2475 ne
1317 2434 1489 2476 Christus
1517 2435 1672 2487 quidem
1696 2445 1822 2485 neque
1847 2434 1971 2475 verbis
1998 2445 2123 2486 neque
2150 2433 2326 2486 exemplo
2353 2445 2426 2475 suo

180 2498 330 2542 docuit,
357 2499 523 2537 animum
540 2501 722 2538 omnibus
742 2500 1062 2537 commotionibus
1079 2500 1404 2549 praecludendum
1424 2511 1517 2538 esse.
1572 2500 1659 2550 Ipse
1687 2498 1759 2536 fuit
1776 2509 1926 2536 summa
1943 2498 2225 2542 misericordia;
2251 2499 2425 2537 omnium

179 2561 406 2599 miserorum
434 2571 522 2600 eum
549 2563 723 2601 miseruit
753 2573 897 2612 eosque
924 2563 1106 2602 benevole
1131 2563 1317 2607 invitavit,
1344 2564 1388 2601 ut
1414 2563 1464 2601 ab
1492 2563 1574 2612 ipso
1603 2561 1789 2602 auxilium
1815 2564 2000 2613 peterent.
2054 2560 2280 2601 Commotus
2307 2561 2425 2601 etiam

179 2624 281 2662 urbis
309 2622 661 2672 Hierosolymorum
690 2624 846 2664 fortuna
871 2625 904 2664 ei
932 2625 1188 2671 illacrimavit;
1222 2628 1339 2675 atque
1365 2626 1422 2664 ira
1449 2624 1546 2663 adeo
1575 2623 1834 2671 excitabatur,
1860 2635 1998 2675 nempe
2025 2624 2063 2663 in
2087 2635 2166 2670 θος,
2193 2624 2259 2674 qui
2286 2623 2419 2663 divinis

179 2686 339 2724 consiliis
365 2686 613 2735 pertinaciter
635 2688 938 2726 adversabantur
963 2689 1108 2726 nullam
1139 2689 1253 2727 aliam
1281 2689 1331 2727 ob
1360 2699 1517 2727 causam
1544 2688 1617 2726 nisi
1643 2690 1688 2726 ut
1715 2689 1875 2726 externa
1903 2686 2093 2736 quaedam
2119 2685 2325 2725 commoda
2351 2684 2418 2724 de-

176 2747 382 2786 fenderent.
424 2748 468 2786 In
496 2749 567 2787 hos
593 2750 706 2798 igitur
733 2750 939 2789 excanduit
963 2751 1115 2789 sublimi
1141 2754 1258 2800 atque
1283 2751 1523 2790 sanctissima
1549 2751 1619 2789 ira.
1663 2748 1841 2799 Denique
1861 2749 2045 2794 Christus,
2073 2748 2284 2787 dummodo
2311 2750 2417 2787 recte

179 2808 428 2858 intelligatur,
465 2822 664 2860 nunquam
700 2812 849 2858 docuit,
885 2814 1046 2851 externa
1078 2813 1181 2851 bona
1213 2813 1373 2852 omnino
1407 2810 1688 2851 contemnenda
1714 2822 1812 2850 esse.
1864 2809 1977 2859 Quae
2012 2810 2089 2850 huc
2115 2809 2217 2849 trahi
2242 2813 2421 2860 possunt,

176 2873 289 2921 longe
324 2872 437 2911 aliam
469 2874 822 2923 interpretationem
855 2875 1070 2926 postulant;
1115 2880 1249 2916 contra
1282 2876 1447 2926 plurima
1480 2876 1520 2914 in
1555 2875 1637 2925 ejus
1672 2874 1784 2914 dictis
1809 2874 2076 2921 inveniuntur,
2120 2873 2260 2923 quibus
2287 2875 2415 2913 exter·

178 2935 235 2973 nis
264 2934 375 2973 bonis
400 2934 609 2985 plurimum
636 2938 836 2983 tribuitur;
870 2938 916 2978 de
942 2949 1021 2989 quo
1047 2941 1183 2990 pastea
1209 2939 1436 2979 videbimus·
1490 2937 1566 2978 Sed
1602 2938 1719 2978 etiam
1753 2937 1794 2977 in
1825 2937 1949 2988 ipsam
1978 2947 2112 2976 rerum
2146 2937 2329 2976 naturam
2354 2937 2417 2976 in-
