2634 3601
396 317 434 356 Si
461 316 622 367 denique
649 318 886 367 quaerimus,
921 330 998 368 qua
1021 319 1178 358 tandem
1203 328 1248 355 re
1274 318 1425 366 sapiens
1451 319 1685 360 Christianus
1719 320 1863 370 vulgari
1896 321 2053 360 homine
2081 319 2296 360 Christiano
2324 331 2437 370 supe-

211 381 289 419 rior
323 381 386 425 sit,
422 379 526 419 nulla
559 380 633 420 alia
666 391 727 427 re,
762 380 1096 431 respondebimus,
1129 380 1202 420 nisi
1234 379 1340 429 quod
1371 379 1422 420 ad
1447 392 1535 422 eam
1561 383 1677 421 animi
1703 383 1914 423 bonitatem
1938 386 2056 435 atque
2081 384 2283 435 pietatem,
2319 393 2438 434 quam

212 443 274 482 ille
301 454 350 482 ex
379 444 568 494 religionis
594 444 805 494 praeceptis
831 445 1041 492 exercebit,
1068 443 1267 483 sublimior
1291 443 1331 481 in
1356 453 1404 482 eo
1430 445 1548 484 animi
1576 445 1727 484 cultura
1753 447 1792 483 et
1817 448 2032 486 accuratior
2057 457 2275 492 causarum,
2302 445 2439 485 finium

215 509 254 543 et
287 507 599 546 consecutionum
631 506 788 545 scientia
821 507 986 554 accedit,
1017 517 1095 557 qua
1120 505 1268 546 facilius
1291 506 1477 554 inveniet,
1513 507 1709 558 quomodo
1736 509 1888 546 rectum
1922 508 2038 545 etiam
2069 519 2118 546 ex
2141 509 2300 548 rationis
2326 517 2438 559 prae-

214 569 331 617 ceptis
359 570 534 609 omnibus
568 571 607 608 in
634 569 750 608 rebus
772 569 1052 608 observandum
1078 571 1146 615 sit,
1180 568 1375 617 quomodo
1402 569 1548 609 facilius
1575 581 1749 609 errorem
1783 570 1918 620 procul
1945 568 2106 614 habeat,
2137 572 2330 617 quomodo
2357 583 2439 610 cer-

212 630 288 670 tius
314 632 547 682 ingrediatur
573 633 613 671 in
639 633 745 672 recta
770 631 847 678 via,
874 631 1069 681 quomodo
1094 632 1182 683 plus
1208 640 1324 681 quam
1349 631 1411 671 alii
1438 634 1564 687 minus
1591 632 1694 672 docti
1721 631 1895 672 conferat
1921 633 1972 672 ad
1996 641 2244 672 communem
2270 633 2440 672 omnium

211 695 328 742 atque
362 696 599 744 singulorum
632 695 794 733 salutem
828 694 1114 739 stabiliendam,
1146 694 1378 742 augendam;
1416 696 1482 733 sed
1516 695 1613 733 haec
1650 697 1917 733 consummata
1951 696 1992 733 in
2026 695 2198 744 sapiente
2229 692 2441 733 Christiano

209 757 366 796 rationis
393 757 588 808 perfectio,
615 768 715 807 quae
742 758 781 796 in
808 755 986 796 omnibus
1012 756 1094 806 ejus
1121 755 1423 806 cogitationibus,
1449 757 1567 796 animi
1593 756 1773 804 motibus,
1799 757 2014 796 actionibus
2040 756 2228 806 regnabit,
2256 767 2347 795 eum
2364 767 2444 795 non

209 829 232 856 a
259 818 361 865 Deo,
389 820 562 859 omnium
588 830 721 859 rerum
746 818 870 866 fonte,
901 829 981 858 non
1015 829 1039 858 a
1068 818 1267 870 religione,
1300 818 1405 869 quus
1431 819 1606 859 intimam
1632 820 1820 859 rationem
1848 820 2089 871 perspectam
2116 817 2253 865 habet,
2288 829 2368 857 non
2393 819 2443 856 ab

209 882 372 921 aliorum
400 893 533 922 amore
560 884 712 929 avellet,
738 883 805 922 sed
832 882 980 922 firmius
999 894 1089 922 eum
1116 882 1165 922 ad
1183 881 1255 920 Dei
1274 882 1580 926 venerationem,
1607 881 1656 920 ad
1675 884 1875 931 pietatem.
1901 883 1950 921 ad
1975 884 2148 921 sanctam
2175 881 2304 920 officio
2331 891 2441 930 prae-

210 945 383 984 standam
412 945 686 991 obedientiam,
720 945 884 994 denique
910 945 958 984 ad
986 944 1153 983 debitum
1181 944 1261 982 aliis
1288 954 1461 982 amorem
1489 943 1707 991 adstringet.

1068 1347 1585 1415 μώρω-
