2634 3601
164 665 715 823 ”erutione-
834 669 1907 732 uaciceoinorntione
2026 711 2046 732 .
2119 684 2408 734 arem

186 790 243 831 ις,
288 792 348 823 ιιι
674 764 985 829 §minos
1089 783 1172 819 ιιι
1321 752 1630 827 (38131)
1650 784 1898 823 ἰιμιιῑ
1997 786 2098 824 Δι...
2218 767 2406 825 sub-j

150 801 442 935 junctis
478 794 776 922 duabus
813 870 1054 934 quaes
1072 846 1391 916 onibus
1434 822 1686 915 altera
1721 856 1819 916 de
1854 813 2008 917 fide
2044 818 2407 919 ciceroni

128 957 239 1014 et
273 955 572 1015 oratori
607 954 686 1012 et
719 944 1184 1027 philosopho
1218 946 1596 1023 habenda,
1633 950 1884 1008 altera
1919 949 2016 1009 de
2053 947 2406 1025 sapiente

1049 1041 1550 1142 christia-nos
2055 1034 2057 1036 ’

212 1188 293 1259 (16
319 1201 644 1265 Stoicorum
679 1200 947 1257 universe
984 1206 1159 1273 atque
1193 1133 1523 1275 sizvgillatim
1553 1196 1630 1253 >de
1667 1197 1747 1253 Μ.
1786 1197 2020 1255 Catonis
2057 1199 2344 1257 Uticensis

267 1295 513 1349 moribus
549 1295 622 1349 de
657 1294 884 1365 fideque
922 1292 1189 1348 Ciceroni
1225 1298 1285 1347 et
1320 1290 1540 1346 oratori
1574 1295 1637 1344 et
1670 1291 2008 1363 philosopho
2041 1291 2302 1347 habenda

530 1423 533 1425 Α
601 1383 867 1457 adjuncta
898 1384 1168 1457 sapientis
1210 1382 1519 1439 Christiani
1555 1382 1955 1454 descriptione.

314 1679 411 1783 &i
436 1734 515 1774 ulla
541 1734 645 1786 apud
664 1733 889 1775 Ciceronem
917 1737 1069 1775 exstant
1094 1733 1327 1775 documenta
1353 1732 1551 1785 ejusmodi,
1578 1745 1628 1773 ex
1654 1733 1794 1784 quibus
1818 1733 1935 1774 etiam
1956 1732 2080 1773 facete
2104 1731 2255 1773 dicendi
2274 1736 2398 1774 artem

156 1809 247 1839 eum
272 1800 289 1838 t
338 1797 441 1837 uisse
475 1799 592 1847 atque
618 1798 783 1837 scienter
809 1798 1021 1837 admodum
1046 1800 1233 1838 tractasse
1258 1798 1461 1848 appareat,
1502 1796 1690 1846 eJusmodi
1724 1797 1799 1836 loci
1832 1797 1910 1836 duo
1941 1797 1995 1836 illi
2029 1799 2140 1844 sunt,
2184 1797 2325 1847 quibus
2358 1798 2400 1836 in

156 1861 308 1901 oration
355 1871 429 1912 pro
454 1860 621 1900 Murena
646 1859 779 1899 habita
804 1860 1021 1900 futilitatcm
1047 1862 1229 1900 scientiae
1249 1861 1346 1912 J'uris
1372 1857 1451 1914 (ᾖς.
1480 1854 1683 1913 19-30.),
1714 1870 1832 1910 quam
1859 1861 2016 1910 quidem
2042 1861 2102 1899 sui
2128 1861 2314 1911 temporis
2336 1861 2399 1912 Ju-

179 1928 188 1937 '
329 1926 391 1964 itis
417 1925 545 1973 aliqua
572 1936 621 1962 ex
645 1927 755 1973 parte
781 1925 977 1963 verissime
1004 1926 1161 1973 objecit,
1187 1926 1316 1972 aliqua
1341 1928 1474 1962 autem
1501 1936 1551 1962 ex
1576 1927 1689 1973 parte
1718 1925 1837 1963 Servii
1865 1925 2022 1974 Sulpicii
2053 1925 2250 1963 cavillandi
2280 1936 2399 1963 causa

155 1987 202 2029 iis
226 1986 395 2034 affmxst,
426 1989 465 2028 et
490 1986 649 2028 nimiam
675 1987 791 2036 atque
817 1996 843 2027 a
868 1996 963 2027 sana
988 1986 1139 2028 ratione
1164 1985 1436 2027 abhorrentem
1462 1984 1684 2026 Stoicorum
1715 1988 1833 2036 atque
1863 1986 2037 2037 inprimis
2066 1984 2222 2027 Catonis
2248 1987 2396 2028 acerbi-

155 2052 275 2091 tatem
301 2059 455 2090 morum
480 2049 581 2089 ridet
609 2047 680 2104 (§§.
706 2045 906 2104 61—65.).
958 2047 1139 2097 Quorum
1164 2049 1337 2089 locorum
1366 2048 1430 2087 hic
1455 2048 1554 2087 alter
1578 2058 1658 2087 non
1685 2049 1811 2088 solum
1839 2059 1925 2088 eam
1953 2049 2004 2088 ob
2026 2058 2184 2089 causam
2202 2060 2394 2090 summam

156 2115 449 2154 admirationem
476 2117 650 2152 nostram
675 2116 814 2160 movet,
841 2114 931 2163 quia
953 2114 1005 2152 ad
1026 2116 1240 2152 extremum
1261 2113 1404 2151 oratori
1425 2112 1668 2161 propositum
1690 2112 1892 2149 consilium
1913 2112 2088 2150 vincendi
2108 2113 2394 2154 efficacissimus

157 2180 226 2224 est,
254 2176 322 2216 sed
348 2177 463 2215 etiam
489 2177 647 2226 propter
672 2176 1015 2226 ingeniosissimam
1039 2187 1228 2227 personae
1252 2174 1406 2215 Catonis
1430 2173 1657 2213 tractandae
1682 2173 1885 2220 rationem,
1912 2184 1991 2224 qua
2015 2186 2095 2214 una
2120 2187 2170 2214 ex
2196 2178 2309 2225 parte
2333 2177 2394 2216 in·

156 2241 258 2290 genti
285 2239 512 2280 facetiarum
537 2238 639 2278 mole
663 2239 704 2277 in
723 2248 813 2278 eum
838 2239 1013 2289 conjecta
1035 2241 1265 2289 praepotens
1289 2238 1371 2288 eius
1397 2237 1608 2277 auctoritas
1634 2237 1812 2276 obruitur
1838 2238 1955 2285 atque
1974 2236 2276 2286 splendidissime
2298 2249 2391 2289 pro-

156 2303 320 2355 fligatur,
346 2302 469 2342 altera
493 2312 542 2341 ex
566 2303 677 2353 parte
702 2303 834 2342 tamen
858 2302 975 2342 etiam
1002 2302 1159 2342 vir-nites
1188 2301 1268 2354 ejus
1294 2301 1555 2353 agnoscuntur
1580 2302 1696 2351 atque
1723 2298 1979 2347 extolluntur,
2005 2310 2055 2338 ne
2074 2299 2188 2340 nimis
2215 2301 2392 2353 neglecta

157 2366 388 2413 verecundia
413 2366 449 2403 ei
476 2365 605 2403 debita
630 2365 700 2414 ipsi
727 2367 872 2403 oratori
897 2369 1014 2414 atque
1040 2366 1155 2404 etiam
1181 2376 1248 2403 reo
1277 2364 1419 2403 damno
1446 2366 1558 2402 esset.
1612 2364 1713 2402 Sane
1743 2364 1851 2401 locus
1881 2363 1945 2401 hic
1975 2365 2102 2401 tantas
2135 2366 2262 2403 omnis
2296 2368 2391 2405 artis

156 2431 274 2479 atquc
298 2427 561 2468 oblectationis
586 2429 803 2467 venustates
829 2429 1009 2474 continet,
1042 2430 1088 2467 ut
1112 2427 1301 2476 legentem
1326 2426 1377 2465 ad
1400 2437 1538 2466 vocem
1568 2426 1673 2465 illam
1697 2426 1843 2475 rapiat:
1885 2436 1965 2464 non
1988 2436 2169 2475 possum,
2201 2428 2297 2476 quin
2322 2439 2390 2468 ex-

157 2492 321 2533 ciamem
345 2489 440 2545 (Cic.
466 2490 515 2530 de
541 2491 638 2529 orat.
664 2486 704 2538 2,
725 2485 785 2530 10.
812 2489 936 2530 Plaut.
962 2490 1075 2535 Trin„
1093 2485 1131 2538 3,
1150 2485 1189 2537 2,
1208 2485 1272 2542 7.).
1325 2487 1403 2528 Sed
1426 2488 1533 2529 hunc
1555 2489 1687 2529 locum
1713 2487 1985 2540 contemplanti
2010 2499 2154 2540 operae
2180 2489 2275 2531 mihi
2301 2503 2392 2544 pre·

156 2556 255 2595 tium
280 2554 403 2594 vistim
428 2555 497 2600 ost,
521 2552 638 2604 paulo
663 2553 881 2593 accuratius
906 2554 946 2593 in
970 2554 1184 2593 universam
1210 2562 1299 2591 eam
1322 2551 1513 2592 rationem
1540 2552 1747 2603 inquirere,
1774 2562 1852 2601 qua
1870 2550 2005 2591 Cicero
2030 2551 2096 2591 hic
2114 2551 2305 2594 Catonem
2332 2559 2392 2596 at·

155 2628 250 2669 que
267 2616 424 2658 omnino
450 2616 600 2657 Stoicos
631 2617 827 2664 tractavit,
856 2618 972 2668 atque
1002 2616 1170 2668 inprimis
1202 2614 1253 2655 ad
1277 2614 1317 2654 id
1342 2615 1542 2655 attendere
1574 2615 1770 2661 animum,
1801 2617 1934 2654 utrum
1968 2615 2107 2655 merito
2138 2619 2261 2668 atque
2292 2620 2392 2659 veri.

158 2683 228 2723 tau·
255 2682 522 2722 convenienter
546 2691 598 2720 an
622 2679 814 2721 immerito
840 2683 958 2732 atque
982 2680 1076 2721 falso
1097 2678 1232 2720 Cicero
1260 2679 1391 2719 omnia
1415 2689 1463 2719 ea
1488 2679 1530 2719 in
1556 2678 1702 2720 Catone
1728 2682 1844 2730 atque
1860 2677 1996 2718 Stoicis
2020 2679 2261 2731 numerant,
2290 2694 2392 2733 qme

159 2745 204 2784 iis
238 2745 279 2785 in
310 2744 385 2785 hac
411 2745 584 2784 oratione
610 2743 766 2794 obiecit,
799 2744 935 2784 deinde
958 2746 1089 2784 utrum
1112 2754 1203 2782 vera
1229 2742 1304 2782 sint
1327 2753 1471 2791 necne,
1501 2753 1602 2793 quae
1628 2743 1668 2782 in
1695 2741 1840 2782 Catone
1873 2742 1990 2782 etiam
2015 2742 2207 2790 laudavit;
2240 2756 2321 2796 qua
2352 2747 2394 2787 in

159 2808 384 2858 quaestione
413 2808 586 2861 primum
617 2817 763 2847 nexum
792 2818 925 2848 rerum
955 2807 995 2848 in
1023 2806 1201 2846 universa
1232 2805 1308 2846 hac
1337 2806 1513 2845 oratione
1544 2808 1797 2846 tractatarum
1828 2815 2033 2856 exponam,
2069 2806 2227 2847 brevem
2255 2818 2392 2851 earum

157 2873 410 2923 conspecmm
435 2870 662 2920 exhibendo,
685 2874 731 2913 'ut
756 2874 795 2913 et
819 2873 875 2920 iis,
908 2872 973 2924 qui
993 2871 1095 2913 hanc
1120 2869 1333 2911 orationem
1359 2870 1518 2910 omnino
1544 2880 1625 2910 non
1650 2870 1836 2921 legerunt,
1868 2871 1908 2909 et
1932 2870 1991 2917 iis,
2018 2870 2086 2921 qui
2113 2870 2284 2923 singulas
2311 2873 2393 2924 ejus

142 2936 290 2985 'partes
315 2945 396 2974 non
421 2937 513 2975 satis
536 2937 724 2976 memoria
748 2938 999 2983 retinuerunt,
1025 2945 1176 2976 summa
1199 2933 1314 2984 hujus
1340 2934 1524 2973 orationis
1550 2937 1641 2973 ante
1660 2933 1796 2972 oculos
1816 2936 2004 2983 ponatur}
2030 2936 2116 2973 tum
2136 2936 2305 2985 singulas
2326 2949 2392 2977 eas

2178 2989 2207 3036 1

573 3359 655 3397 siu
680 3358 817 3398 271902
881 3330 1268 3408 155923
