<?xml version="1.0" encoding="UTF-8"?>
<!DOCTYPE html PUBLIC "-//W3C//DTD XHTML 1.0 Transitional//EN"
    "http://www.w3.org/TR/xhtml1/DTD/xhtml1-transitional.dtd">
<html xmlns="http://www.w3.org/1999/xhtml" xml:lang="en" lang="en">
 <head>
  <title>
</title>
<meta http-equiv="Content-Type" content="text/html;charset=utf-8" />
  <meta name='ocr-system' content='tesseract 3.04.00' />
  <meta name='ocr-capabilities' content='ocr_page ocr_carea ocr_par ocr_line ocrx_word'/>
</head>
<body>
  <div class='ocr_page' id='page_1' title='image "4771408_0039.png"; bbox 0 0 2634 3601; ppageno 0'>
   <div class='ocr_carea' id='block_1_1' title="bbox 207 300 2455 1362">
    <p class='ocr_par' dir='ltr' id='par_1_1' title="bbox 207 300 2455 1362">
     <span class='ocr_line' id='line_1_1' title="bbox 212 300 2447 353; baseline 0 -15"><span class='ocrx_word' id='word_1_1' title='bbox 212 300 316 339; x_wconf 84' lang='lat' dir='ltr'>nanti</span> <span class='ocrx_word' id='word_1_2' title='bbox 352 300 544 346; x_wconf 89' lang='lat' dir='ltr'>doctrina,</span> <span class='ocrx_word' id='word_1_3' title='bbox 578 310 713 338; x_wconf 91' lang='lat' dir='ltr'>omnes</span> <span class='ocrx_word' id='word_1_4' title='bbox 747 300 923 339; x_wconf 87' lang='lat' dir='ltr'>homines</span> <span class='ocrx_word' id='word_1_5' title='bbox 955 301 1006 339; x_wconf 91' lang='lat' dir='ltr'>ad</span> <span class='ocrx_word' id='word_1_6' title='bbox 1042 302 1205 342; x_wconf 86' lang='lat' dir='ltr'>similem</span> <span class='ocrx_word' id='word_1_7' title='bbox 1231 314 1323 353; x_wconf 86' lang='lat' dir='ltr'>erga</span> <span class='ocrx_word' id='word_1_8' title='bbox 1354 302 1503 349; x_wconf 92' lang='lat' dir='ltr'>Deum,</span> <span class='ocrx_word' id='word_1_9' title='bbox 1535 312 1627 353; x_wconf 89' lang='lat' dir='ltr'>erga</span> <span class='ocrx_word' id='word_1_10' title='bbox 1654 313 1695 342; x_wconf 91' lang='lat' dir='ltr'>se</span> <span class='ocrx_word' id='word_1_11' title='bbox 1720 303 1844 351; x_wconf 86' lang='lat' dir='ltr'>ipsos,</span> <span class='ocrx_word' id='word_1_12' title='bbox 1878 303 1995 350; x_wconf 87' lang='lat' dir='ltr'>atque</span> <span class='ocrx_word' id='word_1_13' title='bbox 2026 312 2117 352; x_wconf 85' lang='lat' dir='ltr'>erga</span> <span class='ocrx_word' id='word_1_14' title='bbox 2154 301 2248 341; x_wconf 89' lang='lat' dir='ltr'>alios</span> <span class='ocrx_word' id='word_1_15' title='bbox 2274 310 2447 340; x_wconf 88' lang='lat' dir='ltr'>amorem</span> 
     </span>
     <span class='ocr_line' id='line_1_2' title="bbox 211 362 2447 415; baseline 0.002 -15"><span class='ocrx_word' id='word_1_16' title='bbox 211 362 376 407; x_wconf 88' lang='lat' dir='ltr'>vocanti,</span> <span class='ocrx_word' id='word_1_17' title='bbox 406 364 667 407; x_wconf 91' lang='lat' dir='ltr'>contineatur,</span> <span class='ocrx_word' id='word_1_18' title='bbox 701 362 740 401; x_wconf 92' lang='lat' dir='ltr'>id</span> <span class='ocrx_word' id='word_1_19' title='bbox 763 363 934 413; x_wconf 91' lang='lat' dir='ltr'>primum</span> <span class='ocrx_word' id='word_1_20' title='bbox 963 364 1137 405; x_wconf 88' lang='lat' dir='ltr'>Stoicum</span> <span class='ocrx_word' id='word_1_21' title='bbox 1166 367 1378 415; x_wconf 78' lang='lat' dir='ltr'><strong>sapientem</strong></span> <span class='ocrx_word' id='word_1_22' title='bbox 1415 379 1502 405; x_wconf 91' lang='lat' dir='ltr'>cum</span> <span class='ocrx_word' id='word_1_23' title='bbox 1532 365 1747 404; x_wconf 85' lang='lat' dir='ltr'>Christiano</span> <span class='ocrx_word' id='word_1_24' title='bbox 1784 362 2020 401; x_wconf 84' lang='lat' dir='ltr'>conferentes</span> <span class='ocrx_word' id='word_1_25' title='bbox 2056 365 2332 411; x_wconf 88' lang='lat' dir='ltr'>concedemus,</span> <span class='ocrx_word' id='word_1_26' title='bbox 2362 364 2447 403; x_wconf 87' lang='lat' dir='ltr'>uni·</span> 
     </span>
     <span class='ocr_line' id='line_1_3' title="bbox 208 425 2447 477; baseline 0.002 -15"><span class='ocrx_word' id='word_1_27' title='bbox 208 435 339 463; x_wconf 80' lang='lat' dir='ltr'>versae</span> <span class='ocrx_word' id='word_1_28' title='bbox 376 425 593 474; x_wconf 79' lang='lat' dir='ltr'>antiquitati</span> <span class='ocrx_word' id='word_1_29' title='bbox 646 425 741 466; x_wconf 93' lang='lat' dir='ltr'>illud</span> <span class='ocrx_word' id='word_1_30' title='bbox 773 439 969 467; x_wconf 90' lang='lat' dir='ltr'>summum</span> <span class='ocrx_word' id='word_1_31' title='bbox 1002 428 1050 466; x_wconf 90' lang='lat' dir='ltr'>ad</span> <span class='ocrx_word' id='word_1_32' title='bbox 1085 428 1213 466; x_wconf 89' lang='lat' dir='ltr'>omnia</span> <span class='ocrx_word' id='word_1_33' title='bbox 1240 430 1347 466; x_wconf 90' lang='lat' dir='ltr'>recta</span> <span class='ocrx_word' id='word_1_34' title='bbox 1376 428 1500 466; x_wconf 87' lang='lat' dir='ltr'>studia</span> <span class='ocrx_word' id='word_1_35' title='bbox 1527 425 1692 465; x_wconf 82' lang='lat' dir='ltr'>defuisse</span> <span class='ocrx_word' id='word_1_36' title='bbox 1718 425 2029 472; x_wconf 75' lang='lat' dir='ltr'>incitamentum,</span> <span class='ocrx_word' id='word_1_37' title='bbox 2063 427 2169 475; x_wconf 92' lang='lat' dir='ltr'>quod</span> <span class='ocrx_word' id='word_1_38' title='bbox 2194 428 2363 477; x_wconf 89' lang='lat' dir='ltr'>positum</span> <span class='ocrx_word' id='word_1_39' title='bbox 2389 429 2447 466; x_wconf 90' lang='lat' dir='ltr'>est</span> 
     </span>
     <span class='ocr_line' id='line_1_4' title="bbox 208 487 2448 538; baseline 0.002 -13"><span class='ocrx_word' id='word_1_40' title='bbox 208 489 247 525; x_wconf 90' lang='lat' dir='ltr'>in</span> <span class='ocrx_word' id='word_1_41' title='bbox 275 489 411 526; x_wconf 89' lang='lat' dir='ltr'>intimo</span> <span class='ocrx_word' id='word_1_42' title='bbox 440 499 534 537; x_wconf 85' lang='lat' dir='ltr'>erga</span> <span class='ocrx_word' id='word_1_43' title='bbox 562 488 691 528; x_wconf 92' lang='lat' dir='ltr'>Deum</span> <span class='ocrx_word' id='word_1_44' title='bbox 719 501 862 528; x_wconf 91' lang='lat' dir='ltr'>amore.</span> <span class='ocrx_word' id='word_1_45' title='bbox 917 491 1030 528; x_wconf 87' lang='lat' dir='ltr'>Hunc</span> <span class='ocrx_word' id='word_1_46' title='bbox 1058 490 1229 528; x_wconf 90' lang='lat' dir='ltr'>Christus</span> <span class='ocrx_word' id='word_1_47' title='bbox 1260 491 1408 538; x_wconf 90' lang='lat' dir='ltr'>primus</span> <span class='ocrx_word' id='word_1_48' title='bbox 1436 500 1500 534; x_wconf 90' lang='lat' dir='ltr'>ea,</span> <span class='ocrx_word' id='word_1_49' title='bbox 1536 498 1638 537; x_wconf 89' lang='lat' dir='ltr'>quae</span> <span class='ocrx_word' id='word_1_50' title='bbox 1666 488 1700 527; x_wconf 92' lang='lat' dir='ltr'>ei</span> <span class='ocrx_word' id='word_1_51' title='bbox 1729 487 1908 534; x_wconf 87' lang='lat' dir='ltr'>debetur,</span> <span class='ocrx_word' id='word_1_52' title='bbox 1942 488 2029 527; x_wconf 89' lang='lat' dir='ltr'>luce</span> <span class='ocrx_word' id='word_1_53' title='bbox 2056 489 2265 529; x_wconf 86' lang='lat' dir='ltr'>illustravit.</span> <span class='ocrx_word' id='word_1_54' title='bbox 2321 489 2448 538; x_wconf 86' lang='lat' dir='ltr'>Quem</span> 
     </span>
     <span class='ocr_line' id='line_1_5' title="bbox 208 550 2451 600; baseline 0.001 -13"><span class='ocrx_word' id='word_1_55' title='bbox 208 562 331 599; x_wconf 91' lang='lat' dir='ltr'>quum</span> <span class='ocrx_word' id='word_1_56' title='bbox 363 552 674 599; x_wconf 91' lang='lat' dir='ltr'>unumquodque</span> <span class='ocrx_word' id='word_1_57' title='bbox 710 552 790 599; x_wconf 81' lang='lat' dir='ltr'>ejus</span> <span class='ocrx_word' id='word_1_58' title='bbox 824 552 984 588; x_wconf 85' lang='lat' dir='ltr'>verbum</span> <span class='ocrx_word' id='word_1_59' title='bbox 1020 551 1158 600; x_wconf 85' lang='lat' dir='ltr'>spiret,</span> <span class='ocrx_word' id='word_1_60' title='bbox 1194 561 1394 600; x_wconf 90' lang='lat' dir='ltr'>quumque</span> <span class='ocrx_word' id='word_1_61' title='bbox 1429 551 1552 588; x_wconf 93' lang='lat' dir='ltr'>omnis</span> <span class='ocrx_word' id='word_1_62' title='bbox 1586 551 1669 600; x_wconf 81' lang='lat' dir='ltr'>ejus</span> <span class='ocrx_word' id='word_1_63' title='bbox 1696 550 1871 589; x_wconf 87' lang='lat' dir='ltr'>doctrina</span> <span class='ocrx_word' id='word_1_64' title='bbox 1899 550 2025 589; x_wconf 84' lang='lat' dir='ltr'>Deum</span> <span class='ocrx_word' id='word_1_65' title='bbox 2061 552 2250 600; x_wconf 88' lang='lat' dir='ltr'>tanquam</span> <span class='ocrx_word' id='word_1_66' title='bbox 2280 563 2451 593; x_wconf 87' lang='lat' dir='ltr'>amorem</span> 
     </span>
     <span class='ocr_line' id='line_1_6' title="bbox 210 613 2450 662; baseline 0.001 -10"><span class='ocrx_word' id='word_1_67' title='bbox 210 615 356 662; x_wconf 88' lang='lat' dir='ltr'>ipsum,</span> <span class='ocrx_word' id='word_1_68' title='bbox 387 626 457 662; x_wconf 89' lang='lat' dir='ltr'>per</span> <span class='ocrx_word' id='word_1_69' title='bbox 485 625 638 651; x_wconf 92' lang='lat' dir='ltr'>omnem</span> <span class='ocrx_word' id='word_1_70' title='bbox 665 625 797 651; x_wconf 89' lang='lat' dir='ltr'>rerum</span> <span class='ocrx_word' id='word_1_71' title='bbox 824 613 1110 651; x_wconf 90' lang='lat' dir='ltr'>universitatem</span> <span class='ocrx_word' id='word_1_72' title='bbox 1137 616 1380 661; x_wconf 80' lang='lat' dir='ltr'>regnantem,</span> <span class='ocrx_word' id='word_1_73' title='bbox 1413 614 1656 659; x_wconf 86' lang='lat' dir='ltr'>testificetur,</span> <span class='ocrx_word' id='word_1_74' title='bbox 1690 615 1850 651; x_wconf 86' lang='lat' dir='ltr'>accessit</span> <span class='ocrx_word' id='word_1_75' title='bbox 1876 614 2038 662; x_wconf 87' lang='lat' dir='ltr'>posteris</span> <span class='ocrx_word' id='word_1_76' title='bbox 2065 615 2305 662; x_wconf 82' lang='lat' dir='ltr'>temporibus</span> <span class='ocrx_word' id='word_1_77' title='bbox 2335 618 2450 654; x_wconf 88' lang='lat' dir='ltr'>etiam</span> 
     </span>
     <span class='ocr_line' id='line_1_7' title="bbox 210 672 2452 726; baseline 0.001 -12"><span class='ocrx_word' id='word_1_78' title='bbox 210 675 377 714; x_wconf 88' lang='lat' dir='ltr'>adducta</span> <span class='ocrx_word' id='word_1_79' title='bbox 410 674 460 714; x_wconf 86' lang='lat' dir='ltr'>ad</span> <span class='ocrx_word' id='word_1_80' title='bbox 494 674 679 724; x_wconf 87' lang='lat' dir='ltr'>maj0rem</span> <span class='ocrx_word' id='word_1_81' title='bbox 707 675 970 714; x_wconf 86' lang='lat' dir='ltr'>maturitatem</span> <span class='ocrx_word' id='word_1_82' title='bbox 1002 676 1251 715; x_wconf 87' lang='lat' dir='ltr'>externarum</span> <span class='ocrx_word' id='word_1_83' title='bbox 1278 686 1412 715; x_wconf 90' lang='lat' dir='ltr'>rerum</span> <span class='ocrx_word' id='word_1_84' title='bbox 1436 672 1625 726; x_wconf 81' lang='lat' dir='ltr'>cognitio,</span> <span class='ocrx_word' id='word_1_85' title='bbox 1662 685 1762 725; x_wconf 87' lang='lat' dir='ltr'>quae</span> <span class='ocrx_word' id='word_1_86' title='bbox 1797 677 1836 714; x_wconf 90' lang='lat' dir='ltr'>et</span> <span class='ocrx_word' id='word_1_87' title='bbox 1863 675 1945 725; x_wconf 85' lang='lat' dir='ltr'>ipsa</span> <span class='ocrx_word' id='word_1_88' title='bbox 1972 674 2265 721; x_wconf 86' lang='lat' dir='ltr'>demonstravit,</span> <span class='ocrx_word' id='word_1_89' title='bbox 2303 676 2342 715; x_wconf 91' lang='lat' dir='ltr'>in</span> <span class='ocrx_word' id='word_1_90' title='bbox 2368 677 2452 716; x_wconf 88' lang='lat' dir='ltr'>uni-</span> 
     </span>
     <span class='ocr_line' id='line_1_8' title="bbox 210 737 2454 790; baseline 0.002 -15"><span class='ocrx_word' id='word_1_91' title='bbox 210 749 319 776; x_wconf 83' lang='lat' dir='ltr'>versa</span> <span class='ocrx_word' id='word_1_92' title='bbox 346 749 477 777; x_wconf 90' lang='lat' dir='ltr'>rerum</span> <span class='ocrx_word' id='word_1_93' title='bbox 506 737 807 777; x_wconf 82' lang='lat' dir='ltr'>conformatione</span> <span class='ocrx_word' id='word_1_94' title='bbox 835 739 965 777; x_wconf 88' lang='lat' dir='ltr'>omnia</span> <span class='ocrx_word' id='word_1_95' title='bbox 991 738 1041 776; x_wconf 88' lang='lat' dir='ltr'>ad</span> <span class='ocrx_word' id='word_1_96' title='bbox 1068 738 1106 776; x_wconf 95' lang='lat' dir='ltr'>id</span> <span class='ocrx_word' id='word_1_97' title='bbox 1132 749 1253 777; x_wconf 90' lang='lat' dir='ltr'>unum</span> <span class='ocrx_word' id='word_1_98' title='bbox 1281 739 1678 778; x_wconf 83' lang='lat' dir='ltr'>accommodatissime</span> <span class='ocrx_word' id='word_1_99' title='bbox 1705 739 1917 790; x_wconf 89' lang='lat' dir='ltr'>composita</span> <span class='ocrx_word' id='word_1_100' title='bbox 1944 748 2045 785; x_wconf 64' lang='lat' dir='ltr'>esse,</span> <span class='ocrx_word' id='word_1_101' title='bbox 2071 741 2117 777; x_wconf 91' lang='lat' dir='ltr'>ut</span> <span class='ocrx_word' id='word_1_102' title='bbox 2143 737 2216 777; x_wconf 85' lang='lat' dir='ltr'>Dei</span> <span class='ocrx_word' id='word_1_103' title='bbox 2244 739 2368 778; x_wconf 89' lang='lat' dir='ltr'>amori</span> <span class='ocrx_word' id='word_1_104' title='bbox 2395 750 2454 780; x_wconf 85' lang='lat' dir='ltr'>sa-</span> 
     </span>
     <span class='ocr_line' id='line_1_9' title="bbox 213 801 2453 851; baseline 0 -12"><span class='ocrx_word' id='word_1_105' title='bbox 213 803 382 846; x_wconf 82' lang='lat' dir='ltr'>tisfieret,</span> <span class='ocrx_word' id='word_1_106' title='bbox 411 803 538 839; x_wconf 91' lang='lat' dir='ltr'>omnia</span> <span class='ocrx_word' id='word_1_107' title='bbox 566 812 718 839; x_wconf 91' lang='lat' dir='ltr'>summo</span> <span class='ocrx_word' id='word_1_108' title='bbox 739 801 811 838; x_wconf 88' lang='lat' dir='ltr'>Dei</span> <span class='ocrx_word' id='word_1_109' title='bbox 840 802 996 839; x_wconf 90' lang='lat' dir='ltr'>consilio</span> <span class='ocrx_word' id='word_1_110' title='bbox 1025 802 1079 839; x_wconf 90' lang='lat' dir='ltr'>ita</span> <span class='ocrx_word' id='word_1_111' title='bbox 1106 803 1278 839; x_wconf 89' lang='lat' dir='ltr'>instituta</span> <span class='ocrx_word' id='word_1_112' title='bbox 1305 813 1401 848; x_wconf 91' lang='lat' dir='ltr'>esse,</span> <span class='ocrx_word' id='word_1_113' title='bbox 1429 806 1472 840; x_wconf 91' lang='lat' dir='ltr'>ut</span> <span class='ocrx_word' id='word_1_114' title='bbox 1499 812 1617 850; x_wconf 91' lang='lat' dir='ltr'>quam</span> <span class='ocrx_word' id='word_1_115' title='bbox 1642 801 1808 851; x_wconf 87' lang='lat' dir='ltr'>plurima</span> <span class='ocrx_word' id='word_1_116' title='bbox 1835 802 1937 840; x_wconf 90' lang='lat' dir='ltr'>salus</span> <span class='ocrx_word' id='word_1_117' title='bbox 1964 802 2223 840; x_wconf 88' lang='lat' dir='ltr'>animantibus</span> <span class='ocrx_word' id='word_1_118' title='bbox 2253 813 2367 840; x_wconf 86' lang='lat' dir='ltr'>sensu</span> <span class='ocrx_word' id='word_1_119' title='bbox 2395 805 2453 841; x_wconf 90' lang='lat' dir='ltr'>sui</span> 
     </span>
     <span class='ocr_line' id='line_1_10' title="bbox 212 864 2453 916; baseline 0 -11"><span class='ocrx_word' id='word_1_120' title='bbox 212 865 391 916; x_wconf 84' lang='lat' dir='ltr'>praeditis</span> <span class='ocrx_word' id='word_1_121' title='bbox 416 876 463 905; x_wconf 86' lang='lat' dir='ltr'>ex</span> <span class='ocrx_word' id='word_1_122' title='bbox 490 864 571 916; x_wconf 87' lang='lat' dir='ltr'>ipsa</span> <span class='ocrx_word' id='word_1_123' title='bbox 598 874 729 905; x_wconf 90' lang='lat' dir='ltr'>rerum</span> <span class='ocrx_word' id='word_1_124' title='bbox 757 865 897 905; x_wconf 84' lang='lat' dir='ltr'>natura</span> <span class='ocrx_word' id='word_1_125' title='bbox 924 866 1168 911; x_wconf 88' lang='lat' dir='ltr'>nasceretur;</span> <span class='ocrx_word' id='word_1_126' title='bbox 1203 864 1369 915; x_wconf 91' lang='lat' dir='ltr'>denique</span> <span class='ocrx_word' id='word_1_127' title='bbox 1396 865 1557 906; x_wconf 87' lang='lat' dir='ltr'>accessit</span> <span class='ocrx_word' id='word_1_128' title='bbox 1583 864 1708 916; x_wconf 90' lang='lat' dir='ltr'>major</span> <span class='ocrx_word' id='word_1_129' title='bbox 1737 864 1853 916; x_wconf 92' lang='lat' dir='ltr'>ipsius</span> <span class='ocrx_word' id='word_1_130' title='bbox 1886 865 1967 916; x_wconf 86' lang='lat' dir='ltr'>ejus</span> <span class='ocrx_word' id='word_1_131' title='bbox 1996 865 2172 913; x_wconf 88' lang='lat' dir='ltr'>rationis,</span> <span class='ocrx_word' id='word_1_132' title='bbox 2208 875 2308 916; x_wconf 87' lang='lat' dir='ltr'>quae</span> <span class='ocrx_word' id='word_1_133' title='bbox 2334 866 2453 906; x_wconf 89' lang='lat' dir='ltr'>menti</span> 
     </span>
     <span class='ocr_line' id='line_1_11' title="bbox 214 927 2455 979; baseline 0 -13"><span class='ocrx_word' id='word_1_134' title='bbox 214 930 404 966; x_wconf 86' lang='lat' dir='ltr'>humanae</span> <span class='ocrx_word' id='word_1_135' title='bbox 439 929 661 976; x_wconf 84' lang='lat' dir='ltr'>ingenerata</span> <span class='ocrx_word' id='word_1_136' title='bbox 697 931 773 972; x_wconf 87' lang='lat' dir='ltr'>est,</span> <span class='ocrx_word' id='word_1_137' title='bbox 808 928 1004 978; x_wconf 82' lang='lat' dir='ltr'>perfectio.</span> <span class='ocrx_word' id='word_1_138' title='bbox 1060 927 1200 965; x_wconf 91' lang='lat' dir='ltr'>Omnia</span> <span class='ocrx_word' id='word_1_139' title='bbox 1234 928 1331 965; x_wconf 90' lang='lat' dir='ltr'>haec</span> <span class='ocrx_word' id='word_1_140' title='bbox 1358 929 1614 978; x_wconf 83' lang='lat' dir='ltr'>cognoscendi</span> <span class='ocrx_word' id='word_1_141' title='bbox 1640 929 1861 978; x_wconf 83' lang='lat' dir='ltr'>adjumenta</span> <span class='ocrx_word' id='word_1_142' title='bbox 1889 930 2132 967; x_wconf 89' lang='lat' dir='ltr'>consentiunt</span> <span class='ocrx_word' id='word_1_143' title='bbox 2166 931 2204 967; x_wconf 88' lang='lat' dir='ltr'>et</span> <span class='ocrx_word' id='word_1_144' title='bbox 2233 929 2455 979; x_wconf 89' lang='lat' dir='ltr'>conspirant</span> 
     </span>
     <span class='ocr_line' id='line_1_12' title="bbox 212 992 2454 1041; baseline -0 -10"><span class='ocrx_word' id='word_1_145' title='bbox 212 994 249 1031; x_wconf 91' lang='lat' dir='ltr'>in</span> <span class='ocrx_word' id='word_1_146' title='bbox 266 1005 324 1037; x_wconf 88' lang='lat' dir='ltr'>eo,</span> <span class='ocrx_word' id='word_1_147' title='bbox 340 995 382 1031; x_wconf 91' lang='lat' dir='ltr'>ut</span> <span class='ocrx_word' id='word_1_148' title='bbox 398 992 672 1037; x_wconf 85' lang='lat' dir='ltr'>demonstrent,</span> <span class='ocrx_word' id='word_1_149' title='bbox 691 1003 779 1030; x_wconf 93' lang='lat' dir='ltr'>cum</span> <span class='ocrx_word' id='word_1_150' title='bbox 795 1003 948 1029; x_wconf 90' lang='lat' dir='ltr'>summo</span> <span class='ocrx_word' id='word_1_151' title='bbox 966 993 1135 1037; x_wconf 89' lang='lat' dir='ltr'>consilio,</span> <span class='ocrx_word' id='word_1_152' title='bbox 1158 1004 1244 1030; x_wconf 91' lang='lat' dir='ltr'>cum</span> <span class='ocrx_word' id='word_1_153' title='bbox 1265 1004 1416 1030; x_wconf 91' lang='lat' dir='ltr'>summa</span> <span class='ocrx_word' id='word_1_154' title='bbox 1430 993 1602 1041; x_wconf 89' lang='lat' dir='ltr'>potentia</span> <span class='ocrx_word' id='word_1_155' title='bbox 1620 1004 1815 1030; x_wconf 92' lang='lat' dir='ltr'>summum</span> <span class='ocrx_word' id='word_1_156' title='bbox 1835 993 1952 1031; x_wconf 89' lang='lat' dir='ltr'>etiam</span> <span class='ocrx_word' id='word_1_157' title='bbox 1969 1004 2144 1031; x_wconf 90' lang='lat' dir='ltr'>amorem</span> <span class='ocrx_word' id='word_1_158' title='bbox 2159 994 2199 1031; x_wconf 91' lang='lat' dir='ltr'>in</span> <span class='ocrx_word' id='word_1_159' title='bbox 2212 992 2284 1031; x_wconf 91' lang='lat' dir='ltr'>Dei</span> <span class='ocrx_word' id='word_1_160' title='bbox 2296 992 2454 1031; x_wconf 90' lang='lat' dir='ltr'>numine</span> 
     </span>
     <span class='ocr_line' id='line_1_13' title="bbox 215 1053 2452 1106; baseline -0.001 -11"><span class='ocrx_word' id='word_1_161' title='bbox 215 1055 458 1105; x_wconf 73' lang='lat' dir='ltr'>coniunctum</span> <span class='ocrx_word' id='word_1_162' title='bbox 480 1064 573 1094; x_wconf 85' lang='lat' dir='ltr'>esse.</span> <span class='ocrx_word' id='word_1_163' title='bbox 623 1053 699 1095; x_wconf 86' lang='lat' dir='ltr'>Sed</span> <span class='ocrx_word' id='word_1_164' title='bbox 715 1065 792 1105; x_wconf 94' lang='lat' dir='ltr'>quo</span> <span class='ocrx_word' id='word_1_165' title='bbox 808 1054 930 1105; x_wconf 87' lang='lat' dir='ltr'>magis</span> <span class='ocrx_word' id='word_1_166' title='bbox 947 1055 1056 1095; x_wconf 89' lang='lat' dir='ltr'>nobis</span> <span class='ocrx_word' id='word_1_167' title='bbox 1071 1055 1209 1095; x_wconf 90' lang='lat' dir='ltr'>summi</span> <span class='ocrx_word' id='word_1_168' title='bbox 1223 1054 1365 1094; x_wconf 90' lang='lat' dir='ltr'>amoris</span> <span class='ocrx_word' id='word_1_169' title='bbox 1379 1053 1446 1094; x_wconf 84' lang='lat' dir='ltr'>lux</span> <span class='ocrx_word' id='word_1_170' title='bbox 1468 1054 1507 1094; x_wconf 91' lang='lat' dir='ltr'>in</span> <span class='ocrx_word' id='word_1_171' title='bbox 1523 1054 1701 1094; x_wconf 90' lang='lat' dir='ltr'>omnibus</span> <span class='ocrx_word' id='word_1_172' title='bbox 1716 1054 1831 1095; x_wconf 92' lang='lat' dir='ltr'>rebus</span> <span class='ocrx_word' id='word_1_173' title='bbox 1850 1054 2077 1103; x_wconf 79' lang='lat' dir='ltr'>offunditur,</span> <span class='ocrx_word' id='word_1_174' title='bbox 2099 1065 2146 1095; x_wconf 91' lang='lat' dir='ltr'>eo</span> <span class='ocrx_word' id='word_1_175' title='bbox 2164 1054 2284 1106; x_wconf 82' lang='lat' dir='ltr'>magis</span> <span class='ocrx_word' id='word_1_176' title='bbox 2300 1063 2371 1094; x_wconf 90' lang='lat' dir='ltr'>nos</span> <span class='ocrx_word' id='word_1_177' title='bbox 2383 1053 2452 1105; x_wconf 91' lang='lat' dir='ltr'>ipsi</span> 
     </span>
     <span class='ocr_line' id='line_1_14' title="bbox 210 1117 2453 1171; baseline -0 -15"><span class='ocrx_word' id='word_1_178' title='bbox 210 1120 334 1163; x_wconf 79' lang='lat' dir='ltr'>divina</span> <span class='ocrx_word' id='word_1_179' title='bbox 358 1123 471 1171; x_wconf 86' lang='lat' dir='ltr'>hujus</span> <span class='ocrx_word' id='word_1_180' title='bbox 499 1122 642 1159; x_wconf 89' lang='lat' dir='ltr'>amoris</span> <span class='ocrx_word' id='word_1_181' title='bbox 666 1121 701 1157; x_wconf 79' lang='lat' dir='ltr'>vi</span> <span class='ocrx_word' id='word_1_182' title='bbox 730 1121 769 1157; x_wconf 91' lang='lat' dir='ltr'>in</span> <span class='ocrx_word' id='word_1_183' title='bbox 795 1119 944 1167; x_wconf 84' lang='lat' dir='ltr'>agendo</span> <span class='ocrx_word' id='word_1_184' title='bbox 972 1120 1211 1156; x_wconf 82' lang='lat' dir='ltr'>movebimur</span> <span class='ocrx_word' id='word_1_185' title='bbox 1238 1121 1354 1166; x_wconf 89' lang='lat' dir='ltr'>atque</span> <span class='ocrx_word' id='word_1_186' title='bbox 1381 1118 1651 1167; x_wconf 81' lang='lat' dir='ltr'>intelligemus,</span> <span class='ocrx_word' id='word_1_187' title='bbox 1679 1129 1814 1157; x_wconf 87' lang='lat' dir='ltr'>omnes</span> <span class='ocrx_word' id='word_1_188' title='bbox 1842 1120 2015 1158; x_wconf 92' lang='lat' dir='ltr'>omnium</span> <span class='ocrx_word' id='word_1_189' title='bbox 2041 1121 2227 1158; x_wconf 87' lang='lat' dir='ltr'>virtutum</span> <span class='ocrx_word' id='word_1_190' title='bbox 2254 1117 2365 1167; x_wconf 81' lang='lat' dir='ltr'>quasi</span> <span class='ocrx_word' id='word_1_191' title='bbox 2391 1127 2453 1155; x_wconf 90' lang='lat' dir='ltr'>ra-</span> 
     </span>
     <span class='ocr_line' id='line_1_15' title="bbox 208 1178 2453 1233; baseline -0.004 -5"><span class='ocrx_word' id='word_1_192' title='bbox 208 1189 288 1228; x_wconf 89' lang='lat' dir='ltr'>dios</span> <span class='ocrx_word' id='word_1_193' title='bbox 332 1188 371 1226; x_wconf 92' lang='lat' dir='ltr'>in</span> <span class='ocrx_word' id='word_1_194' title='bbox 404 1187 478 1225; x_wconf 93' lang='lat' dir='ltr'>hoc</span> <span class='ocrx_word' id='word_1_195' title='bbox 510 1197 590 1223; x_wconf 89' lang='lat' dir='ltr'>uno</span> <span class='ocrx_word' id='word_1_196' title='bbox 626 1183 714 1222; x_wconf 83' lang='lat' dir='ltr'>foco</span> <span class='ocrx_word' id='word_1_197' title='bbox 749 1182 892 1231; x_wconf 85' lang='lat' dir='ltr'>colligi,</span> <span class='ocrx_word' id='word_1_198' title='bbox 936 1184 1052 1231; x_wconf 90' lang='lat' dir='ltr'>atque</span> <span class='ocrx_word' id='word_1_199' title='bbox 1087 1181 1173 1220; x_wconf 91' lang='lat' dir='ltr'>inde</span> <span class='ocrx_word' id='word_1_200' title='bbox 1208 1182 1425 1220; x_wconf 86' lang='lat' dir='ltr'>beneficum</span> <span class='ocrx_word' id='word_1_201' title='bbox 1461 1180 1629 1219; x_wconf 90' lang='lat' dir='ltr'>calorem</span> <span class='ocrx_word' id='word_1_202' title='bbox 1665 1193 1778 1221; x_wconf 93' lang='lat' dir='ltr'>suum</span> <span class='ocrx_word' id='word_1_203' title='bbox 1818 1195 1888 1232; x_wconf 89' lang='lat' dir='ltr'>per</span> <span class='ocrx_word' id='word_1_204' title='bbox 1923 1185 2082 1233; x_wconf 85' lang='lat' dir='ltr'>pectora</span> <span class='ocrx_word' id='word_1_205' title='bbox 2118 1181 2325 1221; x_wconf 84' lang='lat' dir='ltr'>effundere.</span> <span class='ocrx_word' id='word_1_206' title='bbox 2390 1178 2453 1219; x_wconf 90' lang='lat' dir='ltr'>Sic</span> 
     </span>
     <span class='ocr_line' id='line_1_16' title="bbox 207 1242 2455 1294; baseline -0.004 -5"><span class='ocrx_word' id='word_1_207' title='bbox 207 1262 316 1290; x_wconf 79' lang='lat' dir='ltr'>amor</span> <span class='ocrx_word' id='word_1_208' title='bbox 344 1251 382 1288; x_wconf 93' lang='lat' dir='ltr'>in</span> <span class='ocrx_word' id='word_1_209' title='bbox 405 1248 515 1288; x_wconf 90' lang='lat' dir='ltr'>nobis</span> <span class='ocrx_word' id='word_1_210' title='bbox 544 1257 701 1285; x_wconf 91' lang='lat' dir='ltr'>movens</span> <span class='ocrx_word' id='word_1_211' title='bbox 728 1246 782 1284; x_wconf 83' lang='lat' dir='ltr'>vis</span> <span class='ocrx_word' id='word_1_212' title='bbox 811 1246 883 1284; x_wconf 89' lang='lat' dir='ltr'>erit</span> <span class='ocrx_word' id='word_1_213' title='bbox 910 1246 1027 1292; x_wconf 86' lang='lat' dir='ltr'>atque</span> <span class='ocrx_word' id='word_1_214' title='bbox 1055 1254 1171 1294; x_wconf 85' lang='lat' dir='ltr'>agens</span> <span class='ocrx_word' id='word_1_215' title='bbox 1197 1244 1236 1282; x_wconf 92' lang='lat' dir='ltr'>in</span> <span class='ocrx_word' id='word_1_216' title='bbox 1256 1244 1432 1283; x_wconf 91' lang='lat' dir='ltr'>omnibus</span> <span class='ocrx_word' id='word_1_217' title='bbox 1451 1244 1584 1289; x_wconf 89' lang='lat' dir='ltr'>rehus;</span> <span class='ocrx_word' id='word_1_218' title='bbox 1618 1243 1667 1282; x_wconf 92' lang='lat' dir='ltr'>ad</span> <span class='ocrx_word' id='word_1_219' title='bbox 1693 1244 1945 1284; x_wconf 89' lang='lat' dir='ltr'>tenerrimum</span> <span class='ocrx_word' id='word_1_220' title='bbox 1972 1244 2114 1284; x_wconf 90' lang='lat' dir='ltr'>amoris</span> <span class='ocrx_word' id='word_1_221' title='bbox 2142 1254 2297 1283; x_wconf 89' lang='lat' dir='ltr'>sensum</span> <span class='ocrx_word' id='word_1_222' title='bbox 2324 1242 2455 1282; x_wconf 89' lang='lat' dir='ltr'>omnia</span> 
     </span>
     <span class='ocr_line' id='line_1_17' title="bbox 208 1309 990 1362; baseline -0.009 -10"><span class='ocrx_word' id='word_1_223' title='bbox 208 1315 436 1362; x_wconf 78' lang='lat' dir='ltr'>dirigemus,</span> <span class='ocrx_word' id='word_1_224' title='bbox 465 1311 595 1349; x_wconf 89' lang='lat' dir='ltr'>omnia</span> <span class='ocrx_word' id='word_1_225' title='bbox 623 1322 672 1348; x_wconf 80' lang='lat' dir='ltr'>ex</span> <span class='ocrx_word' id='word_1_226' title='bbox 700 1321 746 1348; x_wconf 89' lang='lat' dir='ltr'>eo</span> <span class='ocrx_word' id='word_1_227' title='bbox 775 1309 990 1347; x_wconf 87' lang='lat' dir='ltr'>metiemur.</span> 
     </span>
    </p>
   </div>
   <div class='ocr_carea' id='block_1_2' title="bbox 207 1401 2454 1828">
    <p class='ocr_par' dir='ltr' id='par_1_2' title="bbox 207 1401 2454 1828">
     <span class='ocr_line' id='line_1_18' title="bbox 394 1401 2450 1457; baseline -0.003 -11"><span class='ocrx_word' id='word_1_228' title='bbox 394 1409 438 1446; x_wconf 92' lang='lat' dir='ltr'>ln</span> <span class='ocrx_word' id='word_1_229' title='bbox 474 1408 548 1445; x_wconf 91' lang='lat' dir='ltr'>hac</span> <span class='ocrx_word' id='word_1_230' title='bbox 584 1408 699 1457; x_wconf 83' lang='lat' dir='ltr'>igitur</span> <span class='ocrx_word' id='word_1_231' title='bbox 724 1408 834 1457; x_wconf 87' lang='lat' dir='ltr'>parte</span> <span class='ocrx_word' id='word_1_232' title='bbox 868 1405 1037 1442; x_wconf 89' lang='lat' dir='ltr'>maxime</span> <span class='ocrx_word' id='word_1_233' title='bbox 1064 1401 1335 1452; x_wconf 88' lang='lat' dir='ltr'>discrepabunt</span> <span class='ocrx_word' id='word_1_234' title='bbox 1362 1402 1512 1439; x_wconf 85' lang='lat' dir='ltr'>Stoicus</span> <span class='ocrx_word' id='word_1_235' title='bbox 1548 1404 1665 1450; x_wconf 90' lang='lat' dir='ltr'>atque</span> <span class='ocrx_word' id='word_1_236' title='bbox 1692 1401 1929 1440; x_wconf 88' lang='lat' dir='ltr'>Christianus</span> <span class='ocrx_word' id='word_1_237' title='bbox 1956 1403 2118 1454; x_wconf 90' lang='lat' dir='ltr'>sapiens.</span> <span class='ocrx_word' id='word_1_238' title='bbox 2171 1403 2239 1441; x_wconf 90' lang='lat' dir='ltr'>Ille</span> <span class='ocrx_word' id='word_1_239' title='bbox 2266 1413 2345 1441; x_wconf 93' lang='lat' dir='ltr'>non</span> <span class='ocrx_word' id='word_1_240' title='bbox 2369 1402 2450 1440; x_wconf 72' lang='lat' dir='ltr'>vult</span> 
     </span>
     <span class='ocr_line' id='line_1_19' title="bbox 210 1464 2453 1516; baseline -0.004 -3"><span class='ocrx_word' id='word_1_241' title='bbox 210 1475 425 1513; x_wconf 76' lang='lat' dir='ltr'>misericors</span> <span class='ocrx_word' id='word_1_242' title='bbox 454 1483 554 1516; x_wconf 88' lang='lat' dir='ltr'>esse,</span> <span class='ocrx_word' id='word_1_243' title='bbox 589 1482 669 1509; x_wconf 92' lang='lat' dir='ltr'>non</span> <span class='ocrx_word' id='word_1_244' title='bbox 697 1470 829 1514; x_wconf 90' lang='lat' dir='ltr'>irasci,</span> <span class='ocrx_word' id='word_1_245' title='bbox 866 1468 1008 1507; x_wconf 90' lang='lat' dir='ltr'>scilicet</span> <span class='ocrx_word' id='word_1_246' title='bbox 1042 1478 1090 1506; x_wconf 88' lang='lat' dir='ltr'>nc</span> <span class='ocrx_word' id='word_1_247' title='bbox 1118 1466 1264 1511; x_wconf 89' lang='lat' dir='ltr'>doleat;</span> <span class='ocrx_word' id='word_1_248' title='bbox 1301 1464 1536 1504; x_wconf 89' lang='lat' dir='ltr'>Christianus</span> <span class='ocrx_word' id='word_1_249' title='bbox 1564 1465 1713 1514; x_wconf 89' lang='lat' dir='ltr'>sapiens</span> <span class='ocrx_word' id='word_1_250' title='bbox 1746 1465 1847 1504; x_wconf 89' lang='lat' dir='ltr'>hanc</span> <span class='ocrx_word' id='word_1_251' title='bbox 1874 1476 1993 1505; x_wconf 92' lang='lat' dir='ltr'>unam</span> <span class='ocrx_word' id='word_1_252' title='bbox 2027 1467 2077 1505; x_wconf 93' lang='lat' dir='ltr'>ob</span> <span class='ocrx_word' id='word_1_253' title='bbox 2107 1476 2263 1505; x_wconf 90' lang='lat' dir='ltr'>causam</span> <span class='ocrx_word' id='word_1_254' title='bbox 2297 1466 2355 1505; x_wconf 90' lang='lat' dir='ltr'>vel</span> <span class='ocrx_word' id='word_1_255' title='bbox 2385 1466 2453 1504; x_wconf 94' lang='lat' dir='ltr'>do-</span> 
     </span>
     <span class='ocr_line' id='line_1_20' title="bbox 210 1527 2453 1585; baseline -0.004 -9"><span class='ocrx_word' id='word_1_256' title='bbox 210 1540 286 1576; x_wconf 76' lang='lat' dir='ltr'>lere</span> <span class='ocrx_word' id='word_1_257' title='bbox 314 1537 410 1582; x_wconf 90' lang='lat' dir='ltr'>vult,</span> <span class='ocrx_word' id='word_1_258' title='bbox 448 1536 539 1585; x_wconf 88' lang='lat' dir='ltr'>quia</span> <span class='ocrx_word' id='word_1_259' title='bbox 573 1534 654 1573; x_wconf 82' lang='lat' dir='ltr'>vult</span> <span class='ocrx_word' id='word_1_260' title='bbox 681 1532 899 1571; x_wconf 89' lang='lat' dir='ltr'>misericors</span> <span class='ocrx_word' id='word_1_261' title='bbox 928 1541 1028 1574; x_wconf 88' lang='lat' dir='ltr'>esse;</span> <span class='ocrx_word' id='word_1_262' title='bbox 1064 1528 1166 1568; x_wconf 92' lang='lat' dir='ltr'>hanc</span> <span class='ocrx_word' id='word_1_263' title='bbox 1195 1539 1316 1567; x_wconf 89' lang='lat' dir='ltr'>unam</span> <span class='ocrx_word' id='word_1_264' title='bbox 1350 1527 1400 1565; x_wconf 93' lang='lat' dir='ltr'>ob</span> <span class='ocrx_word' id='word_1_265' title='bbox 1430 1539 1587 1566; x_wconf 90' lang='lat' dir='ltr'>causam</span> <span class='ocrx_word' id='word_1_266' title='bbox 1618 1527 1734 1566; x_wconf 90' lang='lat' dir='ltr'>etiam</span> <span class='ocrx_word' id='word_1_267' title='bbox 1760 1528 1840 1566; x_wconf 85' lang='lat' dir='ltr'>vult</span> <span class='ocrx_word' id='word_1_268' title='bbox 1866 1529 1998 1575; x_wconf 83' lang='lat' dir='ltr'>irasci,</span> <span class='ocrx_word' id='word_1_269' title='bbox 2032 1540 2112 1567; x_wconf 91' lang='lat' dir='ltr'>non</span> <span class='ocrx_word' id='word_1_270' title='bbox 2139 1528 2346 1567; x_wconf 91' lang='lat' dir='ltr'>ulciscendi</span> <span class='ocrx_word' id='word_1_271' title='bbox 2374 1530 2453 1567; x_wconf 87' lang='lat' dir='ltr'>stu—</span> 
     </span>
     <span class='ocr_line' id='line_1_21' title="bbox 209 1589 2452 1645; baseline -0.004 -7"><span class='ocrx_word' id='word_1_272' title='bbox 209 1601 292 1645; x_wconf 88' lang='lat' dir='ltr'>dio,</span> <span class='ocrx_word' id='word_1_273' title='bbox 327 1599 395 1638; x_wconf 89' lang='lat' dir='ltr'>sed</span> <span class='ocrx_word' id='word_1_274' title='bbox 427 1601 471 1637; x_wconf 89' lang='lat' dir='ltr'>ut</span> <span class='ocrx_word' id='word_1_275' title='bbox 504 1598 669 1636; x_wconf 92' lang='lat' dir='ltr'>aliorum</span> <span class='ocrx_word' id='word_1_276' title='bbox 703 1595 812 1634; x_wconf 91' lang='lat' dir='ltr'>malis</span> <span class='ocrx_word' id='word_1_277' title='bbox 846 1593 1065 1638; x_wconf 84' lang='lat' dir='ltr'>medeatur,</span> <span class='ocrx_word' id='word_1_278' title='bbox 1102 1593 1312 1630; x_wconf 87' lang='lat' dir='ltr'>succurrat.</span> <span class='ocrx_word' id='word_1_279' title='bbox 1367 1590 1427 1628; x_wconf 85' lang='lat' dir='ltr'>Ad</span> <span class='ocrx_word' id='word_1_280' title='bbox 1454 1589 1557 1627; x_wconf 92' lang='lat' dir='ltr'>hunc</span> <span class='ocrx_word' id='word_1_281' title='bbox 1589 1600 1712 1627; x_wconf 90' lang='lat' dir='ltr'>unum</span> <span class='ocrx_word' id='word_1_282' title='bbox 1737 1590 1854 1628; x_wconf 87' lang='lat' dir='ltr'>finem</span> <span class='ocrx_word' id='word_1_283' title='bbox 1890 1591 1960 1629; x_wconf 90' lang='lat' dir='ltr'>sibi</span> <span class='ocrx_word' id='word_1_284' title='bbox 1988 1591 2147 1640; x_wconf 92' lang='lat' dir='ltr'>aliisque</span> <span class='ocrx_word' id='word_1_285' title='bbox 2174 1591 2336 1630; x_wconf 90' lang='lat' dir='ltr'>salutem</span> <span class='ocrx_word' id='word_1_286' title='bbox 2362 1601 2452 1642; x_wconf 92' lang='lat' dir='ltr'>pro-</span> 
     </span>
     <span class='ocr_line' id='line_1_22' title="bbox 208 1653 2454 1713; baseline -0.005 -11"><span class='ocrx_word' id='word_1_287' title='bbox 208 1664 386 1713; x_wconf 74' lang='lat' dir='ltr'>sperandi</span> <span class='ocrx_word' id='word_1_288' title='bbox 422 1663 552 1700; x_wconf 87' lang='lat' dir='ltr'>omnia</span> <span class='ocrx_word' id='word_1_289' title='bbox 586 1662 668 1708; x_wconf 86' lang='lat' dir='ltr'>ejus</span> <span class='ocrx_word' id='word_1_290' title='bbox 705 1660 849 1697; x_wconf 89' lang='lat' dir='ltr'>directa</span> <span class='ocrx_word' id='word_1_291' title='bbox 885 1659 973 1694; x_wconf 91' lang='lat' dir='ltr'>sunt</span> <span class='ocrx_word' id='word_1_292' title='bbox 1009 1656 1184 1699; x_wconf 87' lang='lat' dir='ltr'>consilia;</span> <span class='ocrx_word' id='word_1_293' title='bbox 1220 1656 1260 1692; x_wconf 93' lang='lat' dir='ltr'>in</span> <span class='ocrx_word' id='word_1_294' title='bbox 1295 1654 1370 1692; x_wconf 90' lang='lat' dir='ltr'>hoc</span> <span class='ocrx_word' id='word_1_295' title='bbox 1404 1654 1521 1702; x_wconf 91' lang='lat' dir='ltr'>ipsius</span> <span class='ocrx_word' id='word_1_296' title='bbox 1548 1653 1619 1690; x_wconf 91' lang='lat' dir='ltr'>Dei</span> <span class='ocrx_word' id='word_1_297' title='bbox 1654 1654 1734 1691; x_wconf 91' lang='lat' dir='ltr'>vult</span> <span class='ocrx_word' id='word_1_298' title='bbox 1767 1664 1849 1691; x_wconf 89' lang='lat' dir='ltr'>esse</span> <span class='ocrx_word' id='word_1_299' title='bbox 1884 1654 2024 1692; x_wconf 89' lang='lat' dir='ltr'>similis.</span> <span class='ocrx_word' id='word_1_300' title='bbox 2078 1655 2151 1692; x_wconf 88' lang='lat' dir='ltr'>Hic</span> <span class='ocrx_word' id='word_1_301' title='bbox 2178 1656 2334 1693; x_wconf 89' lang='lat' dir='ltr'>intimus</span> <span class='ocrx_word' id='word_1_302' title='bbox 2362 1664 2454 1703; x_wconf 86' lang='lat' dir='ltr'>erga</span> 
     </span>
     <span class='ocr_line' id='line_1_23' title="bbox 207 1714 2452 1772; baseline -0.005 -6"><span class='ocrx_word' id='word_1_303' title='bbox 207 1728 302 1766; x_wconf 80' lang='lat' dir='ltr'>alios</span> <span class='ocrx_word' id='word_1_304' title='bbox 330 1737 443 1765; x_wconf 92' lang='lat' dir='ltr'>amor</span> <span class='ocrx_word' id='word_1_305' title='bbox 470 1723 529 1763; x_wconf 70' lang='lat' dir='ltr'>vel</span> <span class='ocrx_word' id='word_1_306' title='bbox 557 1722 708 1772; x_wconf 85' lang='lat' dir='ltr'>majora</span> <span class='ocrx_word' id='word_1_307' title='bbox 734 1732 823 1760; x_wconf 92' lang='lat' dir='ltr'>eum</span> <span class='ocrx_word' id='word_1_308' title='bbox 858 1719 999 1759; x_wconf 90' lang='lat' dir='ltr'>sentire</span> <span class='ocrx_word' id='word_1_309' title='bbox 1022 1717 1171 1768; x_wconf 86' lang='lat' dir='ltr'>jubebit</span> <span class='ocrx_word' id='word_1_310' title='bbox 1203 1728 1319 1768; x_wconf 92' lang='lat' dir='ltr'>quam</span> <span class='ocrx_word' id='word_1_311' title='bbox 1355 1728 1426 1767; x_wconf 90' lang='lat' dir='ltr'>pro</span> <span class='ocrx_word' id='word_1_312' title='bbox 1461 1714 1619 1765; x_wconf 84' lang='lat' dir='ltr'>frigidae</span> <span class='ocrx_word' id='word_1_313' title='bbox 1652 1715 1950 1755; x_wconf 87' lang='lat' dir='ltr'>ratiocinationis</span> <span class='ocrx_word' id='word_1_314' title='bbox 1984 1719 2141 1764; x_wconf 92' lang='lat' dir='ltr'>natura,</span> <span class='ocrx_word' id='word_1_315' title='bbox 2174 1727 2341 1767; x_wconf 88' lang='lat' dir='ltr'>eumque</span> <span class='ocrx_word' id='word_1_316' title='bbox 2372 1726 2452 1755; x_wconf 92' lang='lat' dir='ltr'>ma-</span> 
     </span>
     <span class='ocr_line' id='line_1_24' title="bbox 211 1781 1151 1828; baseline -0.011 0"><span class='ocrx_word' id='word_1_317' title='bbox 211 1791 315 1828; x_wconf 82' lang='lat' dir='ltr'>xima</span> <span class='ocrx_word' id='word_1_318' title='bbox 342 1789 377 1826; x_wconf 75' lang='lat' dir='ltr'>vi</span> <span class='ocrx_word' id='word_1_319' title='bbox 405 1788 454 1825; x_wconf 92' lang='lat' dir='ltr'>ad</span> <span class='ocrx_word' id='word_1_320' title='bbox 483 1788 582 1824; x_wconf 91' lang='lat' dir='ltr'>bene</span> <span class='ocrx_word' id='word_1_321' title='bbox 609 1785 690 1823; x_wconf 91' lang='lat' dir='ltr'>aliis</span> <span class='ocrx_word' id='word_1_322' title='bbox 719 1783 935 1821; x_wconf 80' lang='lat' dir='ltr'>faciendum</span> <span class='ocrx_word' id='word_1_323' title='bbox 963 1781 1151 1820; x_wconf 90' lang='lat' dir='ltr'>incendet.</span> 
     </span>
    </p>
   </div>
   <div class='ocr_carea' id='block_1_3' title="bbox 204 1873 2456 2997">
    <p class='ocr_par' dir='ltr' id='par_1_3' title="bbox 204 1873 2456 2997">
     <span class='ocr_line' id='line_1_25' title="bbox 401 1873 2455 1925; baseline -0.003 -3"><span class='ocrx_word' id='word_1_324' title='bbox 401 1883 478 1922; x_wconf 86' lang='lat' dir='ltr'>Sed</span> <span class='ocrx_word' id='word_1_325' title='bbox 512 1885 556 1921; x_wconf 88' lang='lat' dir='ltr'>ut</span> <span class='ocrx_word' id='word_1_326' title='bbox 590 1882 627 1920; x_wconf 87' lang='lat' dir='ltr'>in</span> <span class='ocrx_word' id='word_1_327' title='bbox 656 1880 834 1919; x_wconf 88' lang='lat' dir='ltr'>omnibus</span> <span class='ocrx_word' id='word_1_328' title='bbox 862 1878 995 1923; x_wconf 86' lang='lat' dir='ltr'>rebus,</span> <span class='ocrx_word' id='word_1_329' title='bbox 1028 1875 1081 1914; x_wconf 89' lang='lat' dir='ltr'>sic</span> <span class='ocrx_word' id='word_1_330' title='bbox 1109 1875 1224 1914; x_wconf 86' lang='lat' dir='ltr'>etiam</span> <span class='ocrx_word' id='word_1_331' title='bbox 1258 1873 1307 1913; x_wconf 88' lang='lat' dir='ltr'>ad</span> <span class='ocrx_word' id='word_1_332' title='bbox 1334 1874 1476 1913; x_wconf 88' lang='lat' dir='ltr'>amoris</span> <span class='ocrx_word' id='word_1_333' title='bbox 1505 1885 1659 1914; x_wconf 91' lang='lat' dir='ltr'>sensum</span> <span class='ocrx_word' id='word_1_334' title='bbox 1686 1874 1894 1925; x_wconf 90' lang='lat' dir='ltr'>sapientiae</span> <span class='ocrx_word' id='word_1_335' title='bbox 1920 1876 2270 1924; x_wconf 88' lang='lat' dir='ltr'>temperamentum</span> <span class='ocrx_word' id='word_1_336' title='bbox 2297 1874 2455 1915; x_wconf 86' lang='lat' dir='ltr'>accedat</span> 
     </span>
     <span class='ocr_line' id='line_1_26' title="bbox 212 1938 2455 1992; baseline -0.005 -4"><span class='ocrx_word' id='word_1_337' title='bbox 212 1959 369 1988; x_wconf 79' lang='lat' dir='ltr'>neccsse</span> <span class='ocrx_word' id='word_1_338' title='bbox 404 1950 471 1985; x_wconf 88' lang='lat' dir='ltr'>est.</span> <span class='ocrx_word' id='word_1_339' title='bbox 528 1944 658 1992; x_wconf 91' lang='lat' dir='ltr'>Quum</span> <span class='ocrx_word' id='word_1_340' title='bbox 692 1953 843 1981; x_wconf 89' lang='lat' dir='ltr'>summa</span> <span class='ocrx_word' id='word_1_341' title='bbox 876 1941 1047 1979; x_wconf 90' lang='lat' dir='ltr'>omnium</span> <span class='ocrx_word' id='word_1_342' title='bbox 1084 1939 1351 1982; x_wconf 91' lang='lat' dir='ltr'>consiliorum,</span> <span class='ocrx_word' id='word_1_343' title='bbox 1386 1948 1487 1986; x_wconf 89' lang='lat' dir='ltr'>quae</span> <span class='ocrx_word' id='word_1_344' title='bbox 1521 1948 1631 1976; x_wconf 92' lang='lat' dir='ltr'>amor</span> <span class='ocrx_word' id='word_1_345' title='bbox 1664 1938 1841 1989; x_wconf 89' lang='lat' dir='ltr'>inspirat,</span> <span class='ocrx_word' id='word_1_346' title='bbox 1877 1949 1948 1976; x_wconf 92' lang='lat' dir='ltr'>nos</span> <span class='ocrx_word' id='word_1_347' title='bbox 1976 1938 2166 1988; x_wconf 89' lang='lat' dir='ltr'>impellat,</span> <span class='ocrx_word' id='word_1_348' title='bbox 2201 1941 2244 1976; x_wconf 90' lang='lat' dir='ltr'>ut</span> <span class='ocrx_word' id='word_1_349' title='bbox 2273 1938 2455 1988; x_wconf 82' lang='lat' dir='ltr'>prodesse</span> 
     </span>
     <span class='ocr_line' id='line_1_27' title="bbox 213 2000 2456 2057; baseline -0.005 -7"><span class='ocrx_word' id='word_1_350' title='bbox 213 2013 293 2050; x_wconf 77' lang='lat' dir='ltr'>:iliis</span> <span class='ocrx_word' id='word_1_351' title='bbox 324 2019 645 2057; x_wconf 82' lang='lat' dir='ltr'>communemque</span> <span class='ocrx_word' id='word_1_352' title='bbox 673 2006 835 2045; x_wconf 90' lang='lat' dir='ltr'>salutem</span> <span class='ocrx_word' id='word_1_353' title='bbox 863 2005 1114 2047; x_wconf 87' lang='lat' dir='ltr'>confirmare,</span> <span class='ocrx_word' id='word_1_354' title='bbox 1141 2011 1284 2049; x_wconf 89' lang='lat' dir='ltr'>augere</span> <span class='ocrx_word' id='word_1_355' title='bbox 1312 2000 1489 2046; x_wconf 89' lang='lat' dir='ltr'>velimus,</span> <span class='ocrx_word' id='word_1_356' title='bbox 1518 2002 1669 2051; x_wconf 91' lang='lat' dir='ltr'>sapiens</span> <span class='ocrx_word' id='word_1_357' title='bbox 1698 2012 1777 2040; x_wconf 92' lang='lat' dir='ltr'>non</span> <span class='ocrx_word' id='word_1_358' title='bbox 1807 2002 1861 2039; x_wconf 90' lang='lat' dir='ltr'>ita</span> <span class='ocrx_word' id='word_1_359' title='bbox 1890 2001 2053 2046; x_wconf 88' lang='lat' dir='ltr'>amabit,</span> <span class='ocrx_word' id='word_1_360' title='bbox 2080 2002 2126 2038; x_wconf 93' lang='lat' dir='ltr'>ut</span> <span class='ocrx_word' id='word_1_361' title='bbox 2152 2003 2311 2046; x_wconf 71' lang='lat' dir='ltr'>noceatss</span> <span class='ocrx_word' id='word_1_362' title='bbox 2345 2011 2456 2040; x_wconf 90' lang='lat' dir='ltr'>amor</span> 
     </span>
     <span class='ocr_line' id='line_1_28' title="bbox 211 2064 2454 2119; baseline -0.005 -5"><span class='ocrx_word' id='word_1_363' title='bbox 211 2078 246 2114; x_wconf 89' lang='lat' dir='ltr'>in</span> <span class='ocrx_word' id='word_1_364' title='bbox 276 2086 323 2113; x_wconf 89' lang='lat' dir='ltr'>eo</span> <span class='ocrx_word' id='word_1_365' title='bbox 361 2085 439 2112; x_wconf 91' lang='lat' dir='ltr'>non</span> <span class='ocrx_word' id='word_1_366' title='bbox 467 2073 539 2111; x_wconf 91' lang='lat' dir='ltr'>erit</span> <span class='ocrx_word' id='word_1_367' title='bbox 567 2069 803 2109; x_wconf 88' lang='lat' dir='ltr'>imbecillitas</span> <span class='ocrx_word' id='word_1_368' title='bbox 831 2068 963 2111; x_wconf 76' lang='lat' dir='ltr'>animi:</span> <span class='ocrx_word' id='word_1_369' title='bbox 999 2068 1106 2104; x_wconf 91' lang='lat' dir='ltr'>recta</span> <span class='ocrx_word' id='word_1_370' title='bbox 1131 2066 1230 2103; x_wconf 86' lang='lat' dir='ltr'>ratio</span> <span class='ocrx_word' id='word_1_371' title='bbox 1264 2064 1380 2102; x_wconf 85' lang='lat' dir='ltr'>etiam</span> <span class='ocrx_word' id='word_1_372' title='bbox 1408 2067 1604 2102; x_wconf 91' lang='lat' dir='ltr'>amantem</span> <span class='ocrx_word' id='word_1_373' title='bbox 1631 2074 1912 2119; x_wconf 86' lang='lat' dir='ltr'>nonnunquam</span> <span class='ocrx_word' id='word_1_374' title='bbox 1941 2064 2071 2110; x_wconf 87' lang='lat' dir='ltr'>irasci,</span> <span class='ocrx_word' id='word_1_375' title='bbox 2106 2065 2311 2113; x_wconf 83' lang='lat' dir='ltr'>castigare,</span> <span class='ocrx_word' id='word_1_376' title='bbox 2346 2065 2454 2102; x_wconf 73' lang='lat' dir='ltr'>coer·</span> 
     </span>
     <span class='ocr_line' id='line_1_29' title="bbox 208 2125 2452 2187; baseline -0.004 -13"><span class='ocrx_word' id='word_1_377' title='bbox 208 2148 314 2181; x_wconf 75' lang='lat' dir='ltr'>cere,</span> <span class='ocrx_word' id='word_1_378' title='bbox 342 2136 478 2187; x_wconf 88' lang='lat' dir='ltr'>punire</span> <span class='ocrx_word' id='word_1_379' title='bbox 500 2133 667 2184; x_wconf 91' lang='lat' dir='ltr'>jubebit,</span> <span class='ocrx_word' id='word_1_380' title='bbox 695 2133 737 2170; x_wconf 92' lang='lat' dir='ltr'>ut</span> <span class='ocrx_word' id='word_1_381' title='bbox 763 2130 883 2176; x_wconf 89' lang='lat' dir='ltr'>mala,</span> <span class='ocrx_word' id='word_1_382' title='bbox 911 2139 1010 2179; x_wconf 90' lang='lat' dir='ltr'>quae</span> <span class='ocrx_word' id='word_1_383' title='bbox 1038 2139 1086 2167; x_wconf 83' lang='lat' dir='ltr'>ex</span> <span class='ocrx_word' id='word_1_384' title='bbox 1113 2127 1202 2178; x_wconf 91' lang='lat' dir='ltr'>ipsis</span> <span class='ocrx_word' id='word_1_385' title='bbox 1228 2125 1430 2165; x_wconf 86' lang='lat' dir='ltr'>hominurn</span> <span class='ocrx_word' id='word_1_386' title='bbox 1458 2127 1630 2166; x_wconf 90' lang='lat' dir='ltr'>moribus</span> <span class='ocrx_word' id='word_1_387' title='bbox 1658 2128 1885 2173; x_wconf 90' lang='lat' dir='ltr'>nascuntur,</span> <span class='ocrx_word' id='word_1_388' title='bbox 1914 2127 2111 2172; x_wconf 68' lang='lat' dir='ltr'>coerceat,</span> <span class='ocrx_word' id='word_1_389' title='bbox 2138 2126 2307 2185; x_wconf 84' lang='lat' dir='ltr'>minuat,</span> <span class='ocrx_word' id='word_1_390' title='bbox 2334 2126 2452 2165; x_wconf 91' lang='lat' dir='ltr'>tollat.</span> 
     </span>
     <span class='ocr_line' id='line_1_30' title="bbox 211 2188 2450 2246; baseline -0.006 -8"><span class='ocrx_word' id='word_1_391' title='bbox 211 2200 371 2244; x_wconf 83' lang='lat' dir='ltr'>Deinde,</span> <span class='ocrx_word' id='word_1_392' title='bbox 404 2198 441 2236; x_wconf 90' lang='lat' dir='ltr'>id</span> <span class='ocrx_word' id='word_1_393' title='bbox 469 2196 573 2246; x_wconf 92' lang='lat' dir='ltr'>quod</span> <span class='ocrx_word' id='word_1_394' title='bbox 600 2195 813 2233; x_wconf 81' lang='lat' dir='ltr'>maximum</span> <span class='ocrx_word' id='word_1_395' title='bbox 841 2195 918 2238; x_wconf 89' lang='lat' dir='ltr'>est,</span> <span class='ocrx_word' id='word_1_396' title='bbox 946 2191 1212 2230; x_wconf 86' lang='lat' dir='ltr'>ardentissimo</span> <span class='ocrx_word' id='word_1_397' title='bbox 1243 2190 1368 2227; x_wconf 89' lang='lat' dir='ltr'>studio</span> <span class='ocrx_word' id='word_1_398' title='bbox 1396 2190 1547 2239; x_wconf 88' lang='lat' dir='ltr'>sapiens</span> <span class='ocrx_word' id='word_1_399' title='bbox 1574 2190 1674 2227; x_wconf 91' lang='lat' dir='ltr'>viam</span> <span class='ocrx_word' id='word_1_400' title='bbox 1701 2192 1818 2238; x_wconf 92' lang='lat' dir='ltr'>atque</span> <span class='ocrx_word' id='word_1_401' title='bbox 1845 2189 2036 2226; x_wconf 90' lang='lat' dir='ltr'>rationem</span> <span class='ocrx_word' id='word_1_402' title='bbox 2064 2191 2228 2238; x_wconf 90' lang='lat' dir='ltr'>expetet,</span> <span class='ocrx_word' id='word_1_403' title='bbox 2255 2188 2450 2237; x_wconf 91' lang='lat' dir='ltr'>quomodo</span> 
     </span>
     <span class='ocr_line' id='line_1_31' title="bbox 205 2250 2452 2313; baseline -0.005 -12"><span class='ocrx_word' id='word_1_404' title='bbox 205 2275 320 2313; x_wconf 83' lang='lat' dir='ltr'>quam</span> <span class='ocrx_word' id='word_1_405' title='bbox 354 2262 562 2312; x_wconf 90' lang='lat' dir='ltr'>plurimum</span> <span class='ocrx_word' id='word_1_406' title='bbox 588 2258 773 2309; x_wconf 83' lang='lat' dir='ltr'>prodesse</span> <span class='ocrx_word' id='word_1_407' title='bbox 807 2265 1129 2303; x_wconf 89' lang='lat' dir='ltr'>communemque</span> <span class='ocrx_word' id='word_1_408' title='bbox 1156 2252 1318 2293; x_wconf 91' lang='lat' dir='ltr'>salutem</span> <span class='ocrx_word' id='word_1_409' title='bbox 1345 2263 1488 2303; x_wconf 85' lang='lat' dir='ltr'>augere</span> <span class='ocrx_word' id='word_1_410' title='bbox 1514 2252 1646 2302; x_wconf 88' lang='lat' dir='ltr'>possit.</span> <span class='ocrx_word' id='word_1_411' title='bbox 1700 2251 1789 2291; x_wconf 87' lang='lat' dir='ltr'>Non</span> <span class='ocrx_word' id='word_1_412' title='bbox 1823 2251 1938 2301; x_wconf 88' lang='lat' dir='ltr'>igitur</span> <span class='ocrx_word' id='word_1_413' title='bbox 1972 2251 2012 2290; x_wconf 92' lang='lat' dir='ltr'>in</span> <span class='ocrx_word' id='word_1_414' title='bbox 2040 2252 2119 2291; x_wconf 90' lang='lat' dir='ltr'>otio</span> <span class='ocrx_word' id='word_1_415' title='bbox 2151 2251 2269 2297; x_wconf 83' lang='lat' dir='ltr'>vivet,</span> <span class='ocrx_word' id='word_1_416' title='bbox 2300 2250 2368 2291; x_wconf 92' lang='lat' dir='ltr'>sed</span> <span class='ocrx_word' id='word_1_417' title='bbox 2404 2251 2452 2291; x_wconf 89' lang='lat' dir='ltr'>ad</span> 
     </span>
     <span class='ocr_line' id='line_1_32' title="bbox 204 2312 2451 2375; baseline -0.006 -9"><span class='ocrx_word' id='word_1_418' title='bbox 204 2326 395 2375; x_wconf 68' lang='lat' dir='ltr'>agendum</span> <span class='ocrx_word' id='word_1_419' title='bbox 423 2335 514 2363; x_wconf 92' lang='lat' dir='ltr'>eum</span> <span class='ocrx_word' id='word_1_420' title='bbox 542 2322 664 2371; x_wconf 88' lang='lat' dir='ltr'>rapiet</span> <span class='ocrx_word' id='word_1_421' title='bbox 692 2320 846 2358; x_wconf 87' lang='lat' dir='ltr'>intimus</span> <span class='ocrx_word' id='word_1_422' title='bbox 874 2318 990 2357; x_wconf 91' lang='lat' dir='ltr'>animi</span> <span class='ocrx_word' id='word_1_423' title='bbox 1019 2328 1171 2361; x_wconf 88' lang='lat' dir='ltr'>sensus;</span> <span class='ocrx_word' id='word_1_424' title='bbox 1199 2315 1327 2353; x_wconf 92' lang='lat' dir='ltr'>locum</span> <span class='ocrx_word' id='word_1_425' title='bbox 1354 2315 1393 2352; x_wconf 92' lang='lat' dir='ltr'>in</span> <span class='ocrx_word' id='word_1_426' title='bbox 1420 2314 1536 2353; x_wconf 88' lang='lat' dir='ltr'>rebus</span> <span class='ocrx_word' id='word_1_427' title='bbox 1563 2313 1724 2365; x_wconf 92' lang='lat' dir='ltr'>publicis</span> <span class='ocrx_word' id='word_1_428' title='bbox 1750 2313 1905 2364; x_wconf 84' lang='lat' dir='ltr'>agendis</span> <span class='ocrx_word' id='word_1_429' title='bbox 1933 2316 2111 2362; x_wconf 88' lang='lat' dir='ltr'>quaeret,</span> <span class='ocrx_word' id='word_1_430' title='bbox 2145 2312 2261 2362; x_wconf 87' lang='lat' dir='ltr'>idque</span> <span class='ocrx_word' id='word_1_431' title='bbox 2288 2316 2356 2352; x_wconf 89' lang='lat' dir='ltr'>aut</span> <span class='ocrx_word' id='word_1_432' title='bbox 2382 2325 2451 2364; x_wconf 91' lang='lat' dir='ltr'>pu-</span> 
     </span>
     <span class='ocr_line' id='line_1_33' title="bbox 206 2374 2452 2432; baseline -0.006 -5"><span class='ocrx_word' id='word_1_433' title='bbox 206 2374 302 2426; x_wconf 86' lang='lat' dir='ltr'>blice</span> <span class='ocrx_word' id='word_1_434' title='bbox 334 2387 530 2430; x_wconf 87' lang='lat' dir='ltr'>docendo,</span> <span class='ocrx_word' id='word_1_435' title='bbox 575 2394 676 2432; x_wconf 87' lang='lat' dir='ltr'>quae</span> <span class='ocrx_word' id='word_1_436' title='bbox 710 2383 810 2420; x_wconf 86' lang='lat' dir='ltr'>actio</span> <span class='ocrx_word' id='word_1_437' title='bbox 847 2384 905 2419; x_wconf 91' lang='lat' dir='ltr'>est</span> <span class='ocrx_word' id='word_1_438' title='bbox 938 2380 995 2417; x_wconf 89' lang='lat' dir='ltr'>vel</span> <span class='ocrx_word' id='word_1_439' title='bbox 1029 2380 1196 2417; x_wconf 86' lang='lat' dir='ltr'>maxime</span> <span class='ocrx_word' id='word_1_440' title='bbox 1232 2378 1409 2415; x_wconf 84' lang='lat' dir='ltr'>salutaris</span> <span class='ocrx_word' id='word_1_441' title='bbox 1444 2378 1561 2425; x_wconf 88' lang='lat' dir='ltr'>atque</span> <span class='ocrx_word' id='word_1_442' title='bbox 1593 2377 1846 2414; x_wconf 89' lang='lat' dir='ltr'>contentionis</span> <span class='ocrx_word' id='word_1_443' title='bbox 1882 2376 1998 2414; x_wconf 86' lang='lat' dir='ltr'>animi</span> <span class='ocrx_word' id='word_1_444' title='bbox 2030 2375 2270 2425; x_wconf 88' lang='lat' dir='ltr'>plenissima,</span> <span class='ocrx_word' id='word_1_445' title='bbox 2306 2378 2372 2414; x_wconf 91' lang='lat' dir='ltr'>aut</span> <span class='ocrx_word' id='word_1_446' title='bbox 2407 2387 2452 2414; x_wconf 86' lang='lat' dir='ltr'>ea</span> 
     </span>
     <span class='ocr_line' id='line_1_34' title="bbox 205 2437 2453 2501; baseline -0.006 -10"><span class='ocrx_word' id='word_1_447' title='bbox 205 2452 366 2501; x_wconf 83' lang='lat' dir='ltr'>agendo,</span> <span class='ocrx_word' id='word_1_448' title='bbox 394 2461 494 2499; x_wconf 90' lang='lat' dir='ltr'>quae</span> <span class='ocrx_word' id='word_1_449' title='bbox 513 2448 670 2498; x_wconf 85' lang='lat' dir='ltr'>proprie</span> <span class='ocrx_word' id='word_1_450' title='bbox 699 2448 737 2485; x_wconf 90' lang='lat' dir='ltr'>et</span> <span class='ocrx_word' id='word_1_451' title='bbox 754 2445 964 2494; x_wconf 87' lang='lat' dir='ltr'>angustiori</span> <span class='ocrx_word' id='word_1_452' title='bbox 986 2455 1102 2482; x_wconf 91' lang='lat' dir='ltr'>sensu</span> <span class='ocrx_word' id='word_1_453' title='bbox 1128 2442 1177 2480; x_wconf 91' lang='lat' dir='ltr'>ad</span> <span class='ocrx_word' id='word_1_454' title='bbox 1196 2441 1390 2491; x_wconf 91' lang='lat' dir='ltr'>publicam</span> <span class='ocrx_word' id='word_1_455' title='bbox 1417 2440 1533 2479; x_wconf 76' lang='lat' dir='ltr'>vitam</span> <span class='ocrx_word' id='word_1_456' title='bbox 1559 2440 1753 2490; x_wconf 88' lang='lat' dir='ltr'>pertinere</span> <span class='ocrx_word' id='word_1_457' title='bbox 1776 2439 1966 2478; x_wconf 91' lang='lat' dir='ltr'>dicuntur.</span> <span class='ocrx_word' id='word_1_458' title='bbox 2011 2437 2111 2478; x_wconf 87' lang='lat' dir='ltr'>Nam</span> <span class='ocrx_word' id='word_1_459' title='bbox 2134 2437 2243 2477; x_wconf 84' lang='lat' dir='ltr'>facile</span> <span class='ocrx_word' id='word_1_460' title='bbox 2269 2438 2453 2489; x_wconf 88' lang='lat' dir='ltr'>intelligit,</span> 
     </span>
     <span class='ocr_line' id='line_1_35' title="bbox 206 2499 2452 2563; baseline -0.006 -8"><span class='ocrx_word' id='word_1_461' title='bbox 206 2516 243 2555; x_wconf 91' lang='lat' dir='ltr'>in</span> <span class='ocrx_word' id='word_1_462' title='bbox 272 2512 446 2555; x_wconf 85' lang='lat' dir='ltr'>docendo</span> <span class='ocrx_word' id='word_1_463' title='bbox 475 2513 543 2552; x_wconf 92' lang='lat' dir='ltr'>aut</span> <span class='ocrx_word' id='word_1_464' title='bbox 570 2509 726 2563; x_wconf 86' lang='lat' dir='ltr'>publica</span> <span class='ocrx_word' id='word_1_465' title='bbox 753 2507 905 2559; x_wconf 83' lang='lat' dir='ltr'>negotia</span> <span class='ocrx_word' id='word_1_466' title='bbox 932 2506 1030 2544; x_wconf 89' lang='lat' dir='ltr'>bene</span> <span class='ocrx_word' id='word_1_467' title='bbox 1058 2504 1258 2544; x_wconf 89' lang='lat' dir='ltr'>tractando</span> <span class='ocrx_word' id='word_1_468' title='bbox 1286 2503 1414 2542; x_wconf 93' lang='lat' dir='ltr'>locum</span> <span class='ocrx_word' id='word_1_469' title='bbox 1443 2503 1611 2543; x_wconf 89' lang='lat' dir='ltr'>maxime</span> <span class='ocrx_word' id='word_1_470' title='bbox 1630 2504 1893 2555; x_wconf 91' lang='lat' dir='ltr'>opportunum</span> <span class='ocrx_word' id='word_1_471' title='bbox 1912 2511 1996 2540; x_wconf 89' lang='lat' dir='ltr'>esse</span> <span class='ocrx_word' id='word_1_472' title='bbox 2022 2500 2081 2539; x_wconf 91' lang='lat' dir='ltr'>sui</span> <span class='ocrx_word' id='word_1_473' title='bbox 2109 2510 2201 2552; x_wconf 85' lang='lat' dir='ltr'>erga</span> <span class='ocrx_word' id='word_1_474' title='bbox 2226 2499 2321 2540; x_wconf 92' lang='lat' dir='ltr'>alios</span> <span class='ocrx_word' id='word_1_475' title='bbox 2346 2512 2452 2541; x_wconf 90' lang='lat' dir='ltr'>amo-</span> 
     </span>
     <span class='ocr_line' id='line_1_36' title="bbox 206 2561 2454 2620; baseline -0.006 -4"><span class='ocrx_word' id='word_1_476' title='bbox 206 2580 256 2616; x_wconf 88' lang='lat' dir='ltr'>ris</span> <span class='ocrx_word' id='word_1_477' title='bbox 283 2577 523 2615; x_wconf 86' lang='lat' dir='ltr'>testificandi.</span> <span class='ocrx_word' id='word_1_478' title='bbox 580 2572 790 2620; x_wconf 82' lang='lat' dir='ltr'>Quomodo</span> <span class='ocrx_word' id='word_1_479' title='bbox 820 2572 933 2618; x_wconf 83' lang='lat' dir='ltr'>igitur</span> <span class='ocrx_word' id='word_1_480' title='bbox 966 2571 1004 2606; x_wconf 94' lang='lat' dir='ltr'>in</span> <span class='ocrx_word' id='word_1_481' title='bbox 1032 2569 1210 2606; x_wconf 91' lang='lat' dir='ltr'>omnibus</span> <span class='ocrx_word' id='word_1_482' title='bbox 1238 2569 1355 2605; x_wconf 90' lang='lat' dir='ltr'>rebus</span> <span class='ocrx_word' id='word_1_483' title='bbox 1384 2568 1536 2605; x_wconf 80' lang='lat' dir='ltr'>differet</span> <span class='ocrx_word' id='word_1_484' title='bbox 1563 2567 1712 2615; x_wconf 89' lang='lat' dir='ltr'>sapiens</span> <span class='ocrx_word' id='word_1_485' title='bbox 1741 2565 1979 2604; x_wconf 89' lang='lat' dir='ltr'>Christianus</span> <span class='ocrx_word' id='word_1_486' title='bbox 2007 2574 2032 2602; x_wconf 89' lang='lat' dir='ltr'>a</span> <span class='ocrx_word' id='word_1_487' title='bbox 2058 2561 2218 2601; x_wconf 77' lang='lat' dir='ltr'>Stoico?</span> <span class='ocrx_word' id='word_1_488' title='bbox 2254 2564 2342 2601; x_wconf 83' lang='lat' dir='ltr'>Non</span> <span class='ocrx_word' id='word_1_489' title='bbox 2370 2566 2454 2609; x_wconf 87' lang='lat' dir='ltr'>erit,</span> 
     </span>
     <span class='ocr_line' id='line_1_37' title="bbox 207 2625 2454 2685; baseline -0.008 -5"><span class='ocrx_word' id='word_1_490' title='bbox 207 2644 249 2679; x_wconf 94' lang='lat' dir='ltr'>ut</span> <span class='ocrx_word' id='word_1_491' title='bbox 284 2640 363 2685; x_wconf 88' lang='lat' dir='ltr'>hic,</span> <span class='ocrx_word' id='word_1_492' title='bbox 410 2640 548 2683; x_wconf 90' lang='lat' dir='ltr'>durus,</span> <span class='ocrx_word' id='word_1_493' title='bbox 585 2635 772 2679; x_wconf 88' lang='lat' dir='ltr'>acerbus,</span> <span class='ocrx_word' id='word_1_494' title='bbox 809 2634 1038 2678; x_wconf 88' lang='lat' dir='ltr'>contumax,</span> <span class='ocrx_word' id='word_1_495' title='bbox 1073 2642 1270 2676; x_wconf 91' lang='lat' dir='ltr'>morosus,</span> <span class='ocrx_word' id='word_1_496' title='bbox 1311 2630 1475 2669; x_wconf 91' lang='lat' dir='ltr'>aliorum</span> <span class='ocrx_word' id='word_1_497' title='bbox 1507 2630 1742 2673; x_wconf 90' lang='lat' dir='ltr'>contemtor,</span> <span class='ocrx_word' id='word_1_498' title='bbox 1776 2628 1834 2667; x_wconf 93' lang='lat' dir='ltr'>sui</span> <span class='ocrx_word' id='word_1_499' title='bbox 1868 2626 2101 2671; x_wconf 77' lang='lat' dir='ltr'>admirator:</span> <span class='ocrx_word' id='word_1_500' title='bbox 2142 2625 2454 2672; x_wconf 86' lang='lat' dir='ltr'>misericordiam,</span> 
     </span>
     <span class='ocr_line' id='line_1_38' title="bbox 207 2688 2451 2751; baseline -0.007 -9"><span class='ocrx_word' id='word_1_501' title='bbox 207 2704 316 2750; x_wconf 88' lang='lat' dir='ltr'>iram,</span> <span class='ocrx_word' id='word_1_502' title='bbox 344 2703 518 2742; x_wconf 91' lang='lat' dir='ltr'>dolorem</span> <span class='ocrx_word' id='word_1_503' title='bbox 546 2702 672 2751; x_wconf 90' lang='lat' dir='ltr'>ipsum</span> <span class='ocrx_word' id='word_1_504' title='bbox 698 2709 779 2737; x_wconf 93' lang='lat' dir='ltr'>non</span> <span class='ocrx_word' id='word_1_505' title='bbox 806 2696 939 2748; x_wconf 91' lang='lat' dir='ltr'>procul</span> <span class='ocrx_word' id='word_1_506' title='bbox 971 2707 994 2734; x_wconf 90' lang='lat' dir='ltr'>a</span> <span class='ocrx_word' id='word_1_507' title='bbox 1022 2706 1063 2734; x_wconf 91' lang='lat' dir='ltr'>se</span> <span class='ocrx_word' id='word_1_508' title='bbox 1091 2694 1269 2740; x_wconf 89' lang='lat' dir='ltr'>habebit;</span> <span class='ocrx_word' id='word_1_509' title='bbox 1303 2694 1376 2732; x_wconf 91' lang='lat' dir='ltr'>erit</span> <span class='ocrx_word' id='word_1_510' title='bbox 1402 2693 1518 2740; x_wconf 90' lang='lat' dir='ltr'>lenis,</span> <span class='ocrx_word' id='word_1_511' title='bbox 1553 2693 1674 2739; x_wconf 91' lang='lat' dir='ltr'>mitis,</span> <span class='ocrx_word' id='word_1_512' title='bbox 1711 2690 1850 2737; x_wconf 78' lang='lat' dir='ltr'>sacilis3</span> <span class='ocrx_word' id='word_1_513' title='bbox 1892 2689 2038 2729; x_wconf 87' lang='lat' dir='ltr'>aditum</span> <span class='ocrx_word' id='word_1_514' title='bbox 2066 2688 2243 2726; x_wconf 91' lang='lat' dir='ltr'>omnibus</span> <span class='ocrx_word' id='word_1_515' title='bbox 2271 2688 2321 2726; x_wconf 93' lang='lat' dir='ltr'>ad</span> <span class='ocrx_word' id='word_1_516' title='bbox 2346 2688 2451 2728; x_wconf 85' lang='lat' dir='ltr'>beni·</span> 
     </span>
     <span class='ocr_line' id='line_1_39' title="bbox 208 2754 2455 2814; baseline -0.005 -11"><span class='ocrx_word' id='word_1_517' title='bbox 208 2767 405 2805; x_wconf 79' lang='lat' dir='ltr'>volentiam</span> <span class='ocrx_word' id='word_1_518' title='bbox 434 2775 544 2804; x_wconf 93' lang='lat' dir='ltr'>suam</span> <span class='ocrx_word' id='word_1_519' title='bbox 570 2761 791 2814; x_wconf 88' lang='lat' dir='ltr'>praebebit;</span> <span class='ocrx_word' id='word_1_520' title='bbox 818 2770 932 2798; x_wconf 90' lang='lat' dir='ltr'>suum</span> <span class='ocrx_word' id='word_1_521' title='bbox 961 2759 1099 2807; x_wconf 86' lang='lat' dir='ltr'>cuique</span> <span class='ocrx_word' id='word_1_522' title='bbox 1126 2768 1197 2808; x_wconf 91' lang='lat' dir='ltr'>pro</span> <span class='ocrx_word' id='word_1_523' title='bbox 1226 2758 1418 2807; x_wconf 87' lang='lat' dir='ltr'>dignitatis</span> <span class='ocrx_word' id='word_1_524' title='bbox 1445 2757 1567 2807; x_wconf 90' lang='lat' dir='ltr'>gradu</span> <span class='ocrx_word' id='word_1_525' title='bbox 1592 2756 1754 2799; x_wconf 90' lang='lat' dir='ltr'>tribuet;</span> <span class='ocrx_word' id='word_1_526' title='bbox 1789 2754 1838 2793; x_wconf 89' lang='lat' dir='ltr'>ad</span> <span class='ocrx_word' id='word_1_527' title='bbox 1866 2754 2039 2793; x_wconf 92' lang='lat' dir='ltr'>omnium</span> <span class='ocrx_word' id='word_1_528' title='bbox 2068 2762 2236 2797; x_wconf 89' lang='lat' dir='ltr'>sensum,</span> <span class='ocrx_word' id='word_1_529' title='bbox 2264 2754 2455 2801; x_wconf 83' lang='lat' dir='ltr'>quatenus</span> 
     </span>
     <span class='ocr_line' id='line_1_40' title="bbox 208 2814 2453 2866; baseline -0.005 -1"><span class='ocrx_word' id='word_1_530' title='bbox 208 2828 244 2865; x_wconf 88' lang='lat' dir='ltr'>id</span> <span class='ocrx_word' id='word_1_531' title='bbox 272 2840 358 2866; x_wconf 88' lang='lat' dir='ltr'>cum</span> <span class='ocrx_word' id='word_1_532' title='bbox 384 2832 489 2866; x_wconf 83' lang='lat' dir='ltr'>recta</span> <span class='ocrx_word' id='word_1_533' title='bbox 516 2828 668 2865; x_wconf 85' lang='lat' dir='ltr'>ratione</span> <span class='ocrx_word' id='word_1_534' title='bbox 697 2823 915 2866; x_wconf 87' lang='lat' dir='ltr'>conveniet,</span> <span class='ocrx_word' id='word_1_535' title='bbox 942 2832 983 2859; x_wconf 90' lang='lat' dir='ltr'>se</span> <span class='ocrx_word' id='word_1_536' title='bbox 1011 2821 1336 2864; x_wconf 88' lang='lat' dir='ltr'>accommodabit;</span> <span class='ocrx_word' id='word_1_537' title='bbox 1370 2821 1452 2858; x_wconf 91' lang='lat' dir='ltr'>aliis</span> <span class='ocrx_word' id='word_1_538' title='bbox 1478 2821 1616 2858; x_wconf 91' lang='lat' dir='ltr'>eodem</span> <span class='ocrx_word' id='word_1_539' title='bbox 1645 2828 1797 2862; x_wconf 92' lang='lat' dir='ltr'>amore,</span> <span class='ocrx_word' id='word_1_540' title='bbox 1825 2828 1903 2865; x_wconf 87' lang='lat' dir='ltr'>quo</span> <span class='ocrx_word' id='word_1_541' title='bbox 1932 2816 2022 2860; x_wconf 90' lang='lat' dir='ltr'>sibi,</span> <span class='ocrx_word' id='word_1_542' title='bbox 2049 2814 2245 2856; x_wconf 80' lang='lat' dir='ltr'>inserviet:</span> <span class='ocrx_word' id='word_1_543' title='bbox 2273 2816 2453 2854; x_wconf 86' lang='lat' dir='ltr'>omnibus</span> 
     </span>
     <span class='ocr_line' id='line_1_41' title="bbox 207 2873 2451 2941; baseline -0.007 -11"><span class='ocrx_word' id='word_1_544' title='bbox 207 2901 278 2941; x_wconf 85' lang='lat' dir='ltr'>pro</span> <span class='ocrx_word' id='word_1_545' title='bbox 314 2889 445 2928; x_wconf 69' lang='lat' dir='ltr'>virium</span> <span class='ocrx_word' id='word_1_546' title='bbox 473 2888 588 2928; x_wconf 89' lang='lat' dir='ltr'>modo</span> <span class='ocrx_word' id='word_1_547' title='bbox 616 2883 917 2939; x_wconf 81' lang='lat' dir='ltr'>gratificabitur;</span> <span class='ocrx_word' id='word_1_548' title='bbox 955 2881 1182 2922; x_wconf 84' lang='lat' dir='ltr'>infirmitatis</span> <span class='ocrx_word' id='word_1_549' title='bbox 1209 2881 1356 2922; x_wconf 89' lang='lat' dir='ltr'>alienae</span> <span class='ocrx_word' id='word_1_550' title='bbox 1382 2881 1532 2933; x_wconf 89' lang='lat' dir='ltr'>patiens</span> <span class='ocrx_word' id='word_1_551' title='bbox 1553 2879 1718 2932; x_wconf 76' lang='lat' dir='ltr'>Juvabit‚</span> <span class='ocrx_word' id='word_1_552' title='bbox 1752 2878 1925 2926; x_wconf 86' lang='lat' dir='ltr'>docebit,</span> <span class='ocrx_word' id='word_1_553' title='bbox 1953 2875 2128 2918; x_wconf 91' lang='lat' dir='ltr'>dolorem</span> <span class='ocrx_word' id='word_1_554' title='bbox 2155 2873 2288 2922; x_wconf 88' lang='lat' dir='ltr'>etiam,</span> <span class='ocrx_word' id='word_1_555' title='bbox 2321 2877 2451 2927; x_wconf 89' lang='lat' dir='ltr'>atque,</span> 
     </span>
     <span class='ocr_line' id='line_1_42' title="bbox 207 2938 2449 2997; baseline -0.006 -6"><span class='ocrx_word' id='word_1_556' title='bbox 207 2953 272 2991; x_wconf 85' lang='lat' dir='ltr'>ubi</span> <span class='ocrx_word' id='word_1_557' title='bbox 301 2962 453 2990; x_wconf 85' lang='lat' dir='ltr'>necesse</span> <span class='ocrx_word' id='word_1_558' title='bbox 481 2952 570 2993; x_wconf 80' lang='lat' dir='ltr'>erit,</span> <span class='ocrx_word' id='word_1_559' title='bbox 600 2954 765 2989; x_wconf 86' lang='lat' dir='ltr'>mortem</span> <span class='ocrx_word' id='word_1_560' title='bbox 794 2948 891 2987; x_wconf 91' lang='lat' dir='ltr'>adeo</span> <span class='ocrx_word' id='word_1_561' title='bbox 920 2958 991 2997; x_wconf 91' lang='lat' dir='ltr'>pro</span> <span class='ocrx_word' id='word_1_562' title='bbox 1020 2947 1214 2985; x_wconf 90' lang='lat' dir='ltr'>communi</span> <span class='ocrx_word' id='word_1_563' title='bbox 1242 2945 1364 2984; x_wconf 88' lang='lat' dir='ltr'>salute</span> <span class='ocrx_word' id='word_1_564' title='bbox 1393 2946 1586 2995; x_wconf 89' lang='lat' dir='ltr'>suscipiet,</span> <span class='ocrx_word' id='word_1_565' title='bbox 1615 2943 1823 2992; x_wconf 88' lang='lat' dir='ltr'>omniaque</span> <span class='ocrx_word' id='word_1_566' title='bbox 1848 2941 1946 2981; x_wconf 91' lang='lat' dir='ltr'>haec</span> <span class='ocrx_word' id='word_1_567' title='bbox 1981 2951 2031 2980; x_wconf 86' lang='lat' dir='ltr'>ex</span> <span class='ocrx_word' id='word_1_568' title='bbox 2058 2938 2196 2979; x_wconf 89' lang='lat' dir='ltr'>Christi</span> <span class='ocrx_word' id='word_1_569' title='bbox 2224 2939 2449 2978; x_wconf 88' lang='lat' dir='ltr'>imitatione.</span> 
     </span>
    </p>
   </div>
  </div>
 </body>
</html>
