2634 3601
185 303 272 332 rum
306 293 512 341 iniquitatis
547 295 614 331 aut
646 293 842 342 pravitatis
881 293 994 331 nimis
1029 303 1121 333 acer
1152 296 1191 333 et
1222 294 1386 334 acerbus
1418 294 1623 334 insectator
1655 291 1730 338 ita,
1778 294 1823 332 ut
1860 289 1965 341 apud
1996 289 2181 340 plurimos
2214 288 2425 331 offenderet

184 358 300 404 atque
332 355 372 393 in
405 365 586 405 magnam
619 355 800 394 invidiam
836 355 1066 395 incurreret.
1119 356 1299 396 Fortasse
1332 358 1449 396 nimia
1484 356 1564 406 ejus
1600 353 1812 394 acrimonia
1846 363 2126 402 nonnunquam
2157 354 2274 394 etiam
2299 353 2424 394 nimiis

183 419 255 456 vini
290 417 489 455 haustibus
532 417 793 456 vehementius
828 418 1078 463 incitabatur;
1113 429 1224 464 nam,
1257 418 1362 467 quod
1397 419 1495 458 sileri
1525 417 1673 466 nequit,
1704 416 1794 454 vino
1826 426 2108 466 nonnunquam
2135 416 2271 455 saltem
2297 426 2424 467 aequo

182 480 265 531 plus
292 480 528 531 indulgebat.
582 481 668 521 Hoc
696 482 853 521 nomine
879 482 988 520 multi
1016 492 1106 520 eum
1132 481 1388 529 accusabant,
1415 492 1538 532 neque
1565 479 1699 520 Cicero
1727 491 1794 519 eos
1819 490 1979 531 prorsus
2005 477 2220 526 refellebat,
2255 479 2323 519 sed
2348 480 2423 520 alia

183 554 231 581 ex
265 547 377 593 parte
405 542 594 583 Catonem
622 545 841 583 excusabat.
896 542 1057 582 Cuidam
1089 543 1128 581 id
1155 542 1291 582 Catoni
1318 544 1581 595 exprobranti,
1615 543 1721 594 quod
1744 544 1922 584 noctibus
1947 543 2116 593 potaret,
2153 541 2192 581 id
2218 552 2329 589 vero,
2362 553 2424 584 re-

183 606 359 655 spondit,
395 607 684 656 praetermittis,
720 606 853 645 diebus
881 616 971 644 eum
998 605 1105 644 aleae
1143 616 1185 644 se
1218 608 1475 654 committere,
1510 607 1549 646 id
1574 609 1651 653 est,
1682 607 1861 657 periculis
1896 607 1936 645 in
1962 605 2160 655 republica
2186 604 2425 646 defendenda

183 668 394 708 subeundis
421 666 533 721 (Plut.
561 670 623 709 vit.
652 668 733 709 Cat.
763 680 795 709 c.
821 665 886 721 6.).
941 666 1058 717 Quod
1084 667 1266 708 Horatius
1295 668 1433 718 habet,
1466 669 1554 717 „vel
1580 669 1695 721 prisci
1723 667 1878 709 Catonis
1904 668 2085 708 virtutem
2120 677 2235 718 saepe
2263 667 2424 709 caluisse

187 736 346 776 mero,“
375 729 463 783 (Od.
491 732 562 777 ΠΙ,
588 729 657 777 21,
687 729 747 771 ll.
780 729 857 783 12.)
887 732 969 770 sine
997 731 1115 770 dubio
1142 731 1191 770 ad
1216 730 1402 771 Catonem
1428 733 1618 782 Majorem
1645 734 1810 782 spectat,
1838 731 1888 770 ad
1915 741 2031 780 quem
2057 730 2186 769 locum
2214 730 2331 769 etiam
2359 741 2422 770 ro-

188 795 314 833 rantia
347 795 487 844 pocula
521 795 716 834 Ciceronis
750 795 915 834 conferri
948 798 1112 845 possunt
1148 794 1210 848 (de
1244 799 1385 835 senect.
1421 807 1453 835 c.
1484 792 1573 848 15.).
1627 795 1764 845 Neque
1797 795 1942 834 Plinius
1975 791 2049 846 (ep.
2083 793 2154 840 ΠΙ,
2193 790 2270 846 12.)
2308 796 2425 844 atque

187 858 302 896 etiam
339 868 388 896 ne
416 856 560 896 Seneca
586 857 741 907 quidem
769 855 832 910 (de
858 857 1052 907 tranquill.
1088 868 1151 896 an.
1182 853 1251 903 15,
1282 855 1342 897 ll.
1371 855 1447 911 15.)
1477 857 1663 899 Catonem
1690 859 1867 897 nostrum
1902 857 1950 896 de
1976 857 2095 895 nimio
2123 857 2197 896 vini
2231 867 2306 895 usu
2331 867 2424 907 pur·

187 923 320 969 gatum
347 920 493 965 volunt,
530 920 596 958 sed
630 922 681 960 ob
718 923 887 960 ceteram
918 921 1036 960 animi
1067 920 1366 971 magnitudinem
1400 923 1517 970 atque
1542 921 1800 971 integritatem
1834 920 1910 959 hoc
1944 920 2025 970 ejus
2051 920 2185 959 vitium
2211 919 2421 959 emolliunt.

374 982 518 1021 Seneca
552 983 661 1029 dicit,
697 995 788 1023 eum
821 984 909 1022 vino
944 983 1099 1022 solitum
1136 995 1216 1022 esse
1250 983 1382 1022 laxare
1414 983 1605 1029 animum,
1645 983 1747 1022 curis
1783 982 1943 1033 publicis
1975 982 2188 1032 fatigatum.
2242 981 2422 1021 Ceterum

188 1047 270 1086 sine
297 1046 411 1084 dubio
439 1057 517 1084 non
544 1046 642 1086 adeo
669 1047 732 1086 ille
758 1049 845 1087 vino
874 1046 1023 1086 deditus
1046 1049 1140 1092 erat,
1167 1049 1210 1085 ut
1236 1047 1408 1085 ebriosus
1433 1046 1490 1085 vel
1517 1046 1732 1085 vinolentus
1759 1045 1833 1085 dici
1859 1046 2041 1096 potuerit,
2067 1057 2193 1095 neque
2222 1047 2268 1084 ut
2292 1045 2423 1084 vinum

191 1108 335 1149 virtutis
368 1107 466 1148 vires
500 1108 539 1148 in
572 1120 620 1149 eo
652 1109 815 1158 eliserit;
850 1110 1081 1162 plerumque
1114 1109 1199 1150 vino
1234 1109 1334 1150 inter
1368 1108 1631 1149 disserendum
1664 1119 1753 1149 cum
1779 1108 2016 1161 philosophis
2040 1109 2242 1155 utebatur;
2275 1108 2315 1149 in
2342 1118 2423 1160 quo

186 1183 461 1221 nonnunquam
488 1175 572 1212 fieri
598 1175 744 1225 potuit,
772 1177 816 1212 ut
840 1175 1056 1219 laberetur,
1082 1176 1126 1211 ut
1155 1174 1233 1223 ipse
1262 1174 1377 1212 Zeno.
1413 1173 1537 1226 (Diog.
1565 1173 1693 1212 Laert.
1723 1169 1760 1220 7,
1786 1170 1851 1212 26.
1897 1173 2037 1212 Athen.
2061 1170 2101 1219 2,
2127 1170 2192 1212 55.
2222 1171 2275 1225 fi).

371 1236 600 1276 Plutarchus
629 1237 817 1277 Catonem
847 1237 970 1276 multo
1004 1237 1089 1287 plus
1125 1237 1253 1276 laudat
1284 1248 1400 1287 quam
1433 1238 1640 1287 vituperat;
1672 1237 1740 1276 sed
1772 1237 1811 1275 id
1848 1236 1997 1276 silentio
2030 1248 2110 1276 non
2143 1237 2424 1287 praetermittit,

186 1311 292 1346 eum,
320 1311 440 1350 quum
468 1300 507 1339 in
535 1300 681 1339 amicos
708 1300 915 1340 benevolus
941 1302 1059 1347 esset,
1095 1299 1273 1339 adversus
1299 1300 1392 1339 alios
1421 1300 1611 1340 difficilem
1636 1302 1753 1350 atque
1779 1300 1939 1347 durum,
1970 1299 2106 1339 deinde
2133 1299 2182 1339 ad
2209 1300 2308 1339 iram
2334 1310 2425 1351 pro-

185 1374 277 1400 num
312 1363 450 1407 fuisse,
485 1365 524 1400 et
552 1364 704 1412 saepius
738 1364 866 1401 subito
894 1363 1142 1401 vehementer
1176 1363 1255 1411 eJus
1283 1362 1429 1401 facibus
1456 1363 1727 1408 excanduisse,
1764 1364 1929 1412 denique
1957 1374 2047 1401 eum
2082 1373 2106 1400 a
2133 1363 2325 1412 plerisque
2352 1363 2422 1401 du-

184 1436 271 1463 rum
294 1428 410 1474 atque
436 1425 718 1464 intractabilem
742 1426 918 1464 habitum
945 1426 1061 1464 fuisse
1089 1428 1127 1463 et
1154 1426 1339 1475 abruptae
1366 1427 1641 1464 contumaciae.
1692 1426 1872 1475 Vellejus,
1897 1436 2019 1475 paene
2047 1427 2221 1464 omnium
2247 1426 2424 1465 laudator

188 1491 224 1525 et
259 1487 298 1525 in
326 1486 529 1526 efferendis
555 1486 759 1527 hominum
785 1488 987 1527 virtutibus
1010 1488 1237 1538 plerumque
1263 1487 1420 1534 nimius,
1453 1488 1505 1527 ita
1531 1488 1579 1527 de
1606 1488 1688 1537 ejus
1715 1488 1888 1527 moribus
1915 1489 2074 1537 exponit
2100 1484 2152 1539 (2,
2180 1483 2281 1540 35.).
2325 1487 2423 1535 „Ille

187 1552 342 1589 senatus
370 1549 449 1589 dies
479 1547 573 1602 (quo
602 1550 649 1589 de
676 1561 824 1600 poena,
852 1562 929 1600 qua
957 1552 997 1590 in
1024 1551 1263 1601 conjuratos,
1291 1549 1473 1590 Catilinae
1500 1551 1644 1597 socios,
1678 1551 2057 1590 animadvertendum
2084 1553 2202 1596 esset,
2238 1550 2423 1591 delibera·

187 1617 267 1651 tum
301 1611 394 1664 est),
421 1613 602 1652 virtutem
630 1612 807 1659 CatoniS,
836 1614 918 1663 jam
944 1614 1072 1652 multis
1108 1614 1148 1652 in
1179 1614 1295 1652 rebus
1322 1614 1567 1663 conspicuam
1604 1615 1721 1662 atque
1746 1614 2045 1663 praenitentem,
2079 1612 2259 1652 altissime
2284 1613 2422 1652 illumi-

186 1676 297 1715 navit.
352 1676 426 1715 Hic
461 1675 581 1715 homo
614 1676 757 1715 Virtuti
791 1676 1024 1723 simillimus,
1058 1678 1096 1715 et
1126 1687 1197 1727 per
1232 1677 1362 1715 omnia
1387 1676 1469 1715 Diis
1506 1687 1622 1726 quam
1654 1675 1871 1716 hominibus
1897 1676 2092 1727 proprior,
2126 1676 2190 1725 qui
2223 1687 2422 1726 nunquam

188 1741 290 1776 recte
318 1738 422 1783 fecit,
457 1741 502 1776 ut
529 1738 657 1776 facere
684 1737 893 1783 videretur,
921 1737 989 1776 sed
1016 1739 1106 1786 quia
1131 1739 1240 1777 aliter
1267 1738 1392 1777 facere
1417 1749 1495 1777 non
1521 1740 1688 1788 poterat,
1717 1739 1856 1787 cuique
1886 1738 1926 1777 id
1955 1739 2080 1777 solum
2107 1739 2229 1776 visum
2256 1740 2333 1785 est,
2358 1748 2420 1778 ra·

188 1802 331 1839 tionem
362 1801 527 1847 habere,
556 1801 661 1850 quod
692 1800 853 1839 haberet
875 1801 1079 1850 justitiam,
1113 1802 1290 1840 omnibus
1317 1801 1494 1840 humanis
1521 1802 1616 1840 vitiis
1643 1802 1842 1847 immunis,
1875 1811 2027 1851 semper
2053 1801 2248 1840 fortunam
2282 1802 2323 1840 in
2350 1813 2421 1841 sua

186 1866 373 1913 potestate
399 1863 573 1903 habuit.“

376 1924 471 1963 Cato
500 1935 593 1963 sane
621 1925 671 1963 ad
697 1925 841 1974 optima
868 1934 1043 1973 quaeque
1070 1925 1262 1970 tendebat,
1289 1926 1356 1963 sed
1383 1926 1479 1971 talis,
1508 1925 1659 1974 qualem
1685 1924 1748 1961 hic
1775 1924 1955 1961 laudator
1981 1935 2071 1961 eum
2097 1924 2204 1971 facit,
2230 1937 2311 1964 non
2337 1927 2422 1971 fuit,

189 1999 268 2026 non
295 1987 420 2026 solum
448 1999 527 2026 non
553 1987 734 2026 immunis
760 1987 932 2026 omnium
956 1986 1217 2027 humanorum
1243 1988 1439 2035 vitiorum,
1470 1987 1536 2027 sed
1562 1987 1711 2037 magnis
1738 1986 1949 2033 obnoxius,
1983 1987 2235 2037 pertinaciae,
2269 1989 2421 2029 iracun-

188 2051 286 2094 diae,
305 2050 603 2094 malevolentiae,
632 2052 802 2088 ceterum
821 2049 1033 2095 hominum,
1062 2051 1292 2098 quibuscum
1311 2051 1469 2095 vivebat,
1498 2054 1536 2089 et
1555 2050 1753 2100 temporiS,
1779 2060 1860 2097 quo
1878 2052 2044 2089 aetatem
2062 2050 2237 2100 degebat,
2262 2064 2421 2102 prorsus

188 2116 352 2163 ignarus,
406 2114 494 2151 Alta
521 2114 711 2162 quaedam
738 2114 885 2151 virtutis
913 2115 1058 2163 species
1085 2115 1215 2152 animo
1243 2115 1325 2163 ejus
1345 2115 1631 2160 obversabatur,
1658 2114 1726 2153 sed
1741 2116 1846 2152 recte
1870 2125 1957 2152 eam
1980 2115 2096 2153 rebus
2125 2117 2421 2156 accommodare

187 2176 389 2215 nesciebat.
446 2174 579 2214 Cicero
619 2176 734 2224 atque
763 2174 907 2214 Caesar
939 2176 1150 2214 rectissime
1183 2187 1272 2215 eum
1307 2177 1581 2223 aestImabant,
1616 2176 1678 2214 ille
1715 2176 1848 2214 laudes
1883 2176 2242 2226 reprehensionibus
2275 2179 2421 2228 tempe-

187 2252 293 2285 rans,
330 2239 397 2278 sed
428 2239 468 2278 in
500 2239 649 2288 scriptis
682 2238 834 2288 publice
871 2239 980 2278 editis
1016 2240 1137 2289 magis
1170 2239 1331 2279 laudans
1366 2252 1484 2290 quam
1512 2241 1751 2290 vituperans,
1784 2238 1847 2278 hic
1875 2239 2135 2280 adversarium
2160 2252 2273 2280 suum
2301 2242 2422 2292 magis

184 2305 423 2355 vituperanS,
464 2301 531 2341 sed
565 2303 698 2340 tamen
733 2301 815 2340 sine
850 2301 967 2341 dubio
1001 2303 1129 2353 magni
1163 2303 1389 2350 aestimans,
1434 2314 1554 2353 quum
1589 2314 1679 2342 eum
1714 2304 1904 2342 servatum
1938 2303 2050 2343 vellet
2084 2306 2122 2343 et
2148 2307 2315 2344 mortem
2341 2305 2423 2356 eius

186 2368 341 2407 doleret.
396 2365 531 2405 Cicero
559 2375 675 2415 saepe
702 2375 816 2415 aegre
844 2365 1014 2412 serebat,
1042 2366 1146 2415 quod
1174 2365 1268 2405 Cato
1295 2367 1349 2405 ita
1373 2367 1412 2405 in
1439 2369 1573 2406 senatu
1602 2366 1660 2404 vel
1694 2366 1734 2404 in
1758 2366 1942 2405 concione
1968 2367 2099 2417 populi
2126 2368 2270 2407 diceret
2293 2368 2424 2419 itaque

187 2442 227 2469 se
254 2432 420 2479 gereret,
453 2439 499 2467 ac
527 2428 557 2466 si
584 2428 623 2466 in
651 2428 820 2466 Platonis
847 2429 1045 2478 republica
1068 2429 1208 2467 viveret
1236 2428 1350 2482 (Plut.
1378 2428 1495 2468 Phoc.
1525 2440 1556 2468 c.
1581 2424 1658 2481 3.);
1695 2427 1835 2468 Caesar
1861 2429 1914 2468 ita
1941 2431 2152 2476 statuebat,
2185 2442 2273 2470 eum
2300 2431 2422 2471 homi-

186 2505 274 2533 nem
310 2491 442 2537 suisse‚
475 2502 592 2540 quem
627 2492 768 2530 natura
801 2490 1002 2530 aliusmodi
1030 2491 1222 2538 finxisset,
1257 2493 1374 2541 atque
1404 2501 1538 2531 omnes
1567 2488 1704 2545 (alios).
1759 2489 1924 2543 (Fragm.
1954 2491 2061 2532 Caes.
2098 2493 2137 2532 in
2163 2492 2420 2545 Anticatone.)

188 2556 366 2596 Ceterum
400 2553 512 2604 huius
539 2554 626 2593 libri
655 2551 829 2593 Caesaris
857 2554 1052 2593 mentione
1078 2553 1197 2600 sacta,
1231 2554 1346 2594 cuivis
1373 2553 1512 2604 legenti
1540 2565 1587 2594 ea
1616 2553 1796 2604 cogitatio
1824 2556 2026 2602 nascetur,
2061 2556 2272 2596 maximam
2295 2556 2418 2607 jactu-

185 2630 267 2659 ram
299 2618 432 2658 t'ecisse
464 2619 686 2668 temporum
722 2615 876 2654 illorum
910 2617 1137 2655 memoriam
1172 2627 1234 2663 eo,
1270 2616 1375 2667 quod
1410 2616 1587 2656 Caesaris
1611 2618 1792 2656 Anticato
1827 2617 1988 2663 interiit,
2021 2618 2060 2655 in
2094 2629 2172 2667 quo
2204 2618 2301 2657 libro
2335 2629 2413 2657 non

186 2683 306 2720 solum
337 2682 426 2719 vitia
460 2680 615 2719 Catonis
650 2680 826 2729 exposita
859 2683 987 2725 erant,
1025 2681 1092 2718 sed
1124 2681 1164 2717 in
1197 2691 1273 2728 quo
1308 2681 1390 2718 sine
1426 2680 1542 2719 dubio
1570 2680 1712 2719 Caesar
1747 2681 1862 2718 etiam
1897 2680 1946 2718 de
1982 2691 2052 2718 sua
2086 2682 2224 2730 agendi
2258 2682 2407 2721 ratione

185 2745 395 2785 accuratius
422 2743 621 2790 disseruit,
658 2744 703 2783 ut
735 2753 777 2782 se
812 2744 947 2782 contra
979 2743 1129 2793 priscae
1162 2742 1393 2795 reipublicae
1428 2742 1659 2784 defensores.
1680 2745 1875 2794 purgaret.
1931 2741 2063 2783 Cicero
2096 2744 2134 2783 in
2170 2742 2407 2796 praefatione

184 2809 232 2848 ad
267 2806 459 2858 paradoxa
492 2808 545 2846 ita
584 2807 631 2846 de
665 2817 712 2846 eo
742 2805 909 2857 judicat:
951 2805 1065 2853 Cato,
1100 2806 1290 2857 perfectus
1318 2805 1467 2845 Stoicus
1481 2835 1491 2853 ,
1528 2817 1575 2846 ea
1606 2808 1742 2854 sensit,
1778 2817 1877 2857 quae
1908 2817 1986 2845 non
2013 2817 2106 2846 sane
2131 2808 2344 2857 probantur
2369 2808 2408 2846 in

182 2872 326 2919 vulgus.
376 2872 500 2908 Antea
533 2871 701 2916 dixerat,
730 2869 917 2910 Catonem
952 2870 1105 2908 solitum
1133 2881 1215 2908 esse
1248 2871 1287 2908 in
1312 2874 1447 2909 senatu
1481 2871 1586 2909 locos
1613 2882 1746 2919 graves
1780 2881 1828 2909 ex
1854 2869 2093 2921 philosophia
2119 2873 2303 2917 tractare,
2340 2871 2410 2910 ab·

182 2933 380 2975 horrentes
416 2930 463 2972 ab
499 2943 572 2973 usu
605 2932 747 2975 lorensi
780 2933 819 2974 et
853 2930 1019 2984 publico.
1075 2929 1150 2973 Sed
1182 2931 1336 2981 Cicero,
1373 2933 1442 2974 etsi
1469 2932 1550 2985 ejus
1577 2942 1705 2974 mores
1732 2930 1978 2975 vehementer
2004 2944 2028 2975 a
2054 2932 2226 2975 moribus
2253 2930 2411 2976 Catonis
