2634 3601
207 290 386 341 peccatis,
414 291 446 330 si
473 291 603 331 omnia
628 293 788 343 peccata
814 292 923 343 paria
950 301 1034 331 esse
1059 294 1286 334 statuerent.
1341 292 1486 335 Contra
1509 292 1692 334 Horatius
1719 290 1844 339 docet,
1878 290 2004 331 varios
2031 300 2116 330 esse
2141 289 2283 342 gradus
2310 288 2451 336 damni,

209 353 314 403 quod
340 354 382 398 is,
410 354 476 402 qui
505 356 651 404 peccat,
685 354 767 393 aliis
794 353 954 400 inserat:
988 365 1075 395 eam
1102 357 1153 396 ob
1182 368 1339 396 causam
1366 357 1482 396 etiam
1508 366 1672 408 poenam
1699 364 1837 393 eorum
1862 353 2008 392 variam
2034 362 2120 392 esse
2145 356 2337 404 oportere.
2388 352 2449 393 Ad

206 415 305 455 idem
333 415 449 455 etiam
477 427 523 455 ea
550 416 726 464 redeunt,
755 428 856 467 quae
874 416 1009 457 Cicero
1037 418 1085 457 de
1111 419 1185 459 hac
1211 431 1254 459 re
1281 419 1450 470 disputat
1476 422 1609 460 contra
1624 417 1794 463 Stoicos;
1821 415 2009 467 majorem
2036 425 2120 455 esse
2146 415 2338 459 levitatem
2364 417 2446 469 eius

203 478 485 530 gubernatoris,
513 480 580 531 qui
603 492 675 532 per
702 481 971 532 negligentiam
997 492 1133 522 navem
1160 493 1257 522 auro
1283 482 1451 533 plenam,
1486 493 1602 534 quam
1626 482 1692 532 qui
1718 480 1842 532 palea,
1868 481 2026 520 evertat.
2079 478 2270 529 Equidem
2295 482 2441 522 variam

204 544 243 581 et
270 542 463 581 diversam
489 546 738 592 peccatorum
764 546 943 582 naturam
969 544 1023 582 ita
1050 544 1309 592 dijudicarim:
1363 545 1464 585 Sane
1489 556 1560 597 par
1587 546 1645 584 est
1670 546 1811 584 natura
1837 544 1921 594 ipsa
1946 544 2207 594 peccatorum,
2235 543 2266 582 si
2292 544 2444 584 univer·

203 616 288 645 sam
305 607 455 657 peccati
480 607 678 645 notionem
698 605 889 654 respicias.
942 605 1012 644 Est
1037 606 1182 655 aliquid
1209 608 1388 647 omnibus
1415 608 1580 659 peccatis
1608 618 1825 662 commune.
1880 603 2007 645 Omne
2025 607 2249 656 peccatum,
2268 606 2346 646 sive
2365 617 2450 646 ma·

202 669 266 719 jus
290 671 360 715 est,
385 669 462 707 sive
484 668 622 715 minus,
648 668 811 707 secessio
839 670 898 707 est
925 678 949 708 a
975 671 1082 709 recta
1108 669 1276 716 ratione;
1304 670 1372 711 sed
1400 671 1516 712 etiam
1543 670 1725 711 differunt
1738 670 1920 723 peccata,
1946 679 2086 719 nempe
2111 667 2235 719 gradu
2262 670 2301 721 et
2322 669 2452 718 modo,

207 735 247 770 et
280 733 329 770 ad
364 732 464 770 hanc
498 743 633 770 eorum
667 731 922 769 differentiam
954 733 1012 770 vel
1047 734 1216 771 maxime
1247 733 1286 770 in
1312 734 1390 772 vita
1416 734 1697 783 respiciendum
1725 735 1793 772 est.
1847 731 1948 771 Sane
1974 731 2013 770 in
2040 732 2219 770 omnibus
2245 731 2375 778 rebus,
2413 733 2453 771 in

209 804 417 844 corporum
453 795 590 833 natura
622 803 746 842 aeque
781 795 900 842 atque
933 794 974 833 in
1007 795 1225 834 animorum
1257 794 1315 834 vel
1351 796 1554 835 virtutibus
1588 796 1647 835 vel
1679 796 1776 835 vitiis
1813 795 1939 833 varius
1973 795 2031 832 est
2061 794 2200 833 modus
2232 796 2272 833 et
2296 794 2449 843 gradus.

207 856 379 901 Virtutis,
422 866 537 905 quam
565 855 648 905 quis
676 859 875 895 assecutus
903 859 972 903 est,
1013 858 1138 907 major
1163 858 1220 897 vel
1245 858 1371 897 minor
1398 869 1482 898 esse
1509 861 1637 910 potest
1659 857 1907 909 praestantia,
1934 857 2050 906 atque
2076 855 2188 895 simili
2214 855 2332 896 modo
2358 855 2451 903 vitii,

207 930 286 969 quo
316 919 400 968 quis
428 919 587 964 laborat,
623 918 749 967 maior
774 919 833 958 vel
860 920 988 959 minor
1012 921 1222 971 turpitudo.
1275 919 1394 960 Sicuti
1422 921 1462 960 in
1488 921 1636 961 artibus
1662 922 1703 961 in
1730 920 1804 961 alio
1832 919 1979 959 artifice
2005 918 2129 968 major
2155 919 2195 958 in
2221 919 2297 959 alio
2323 919 2453 958 minor

207 983 301 1020 artis
327 981 508 1031 perfectio
537 991 620 1019 esse
645 983 786 1031 potest,
820 982 876 1021 sic
903 983 1020 1022 etiam
1046 983 1130 1022 laus
1157 982 1303 1022 virtutis
1330 982 1369 1022 in
1396 982 1472 1022 alio
1500 982 1637 1034 major,
1662 982 1703 1022 in
1729 982 1805 1023 alio
1831 981 1968 1022 minor.
2022 979 2130 1022 Idem
2157 980 2360 1023 discrimen
2388 992 2452 1023 ca-

207 1044 263 1082 dit
289 1045 327 1081 in
354 1044 442 1081 vitia
469 1046 507 1081 et
533 1044 633 1081 male
660 1044 774 1089 sacta,
801 1048 918 1093 atque
945 1049 989 1083 ut
1014 1047 1099 1083 fieri
1125 1047 1232 1092 solet,
1259 1049 1304 1084 ut
1330 1046 1531 1084 hominum
1559 1046 1754 1084 clarorum
1781 1046 1934 1097 egregia
1960 1044 2062 1083 facta
2088 1044 2276 1097 majorem
2302 1043 2361 1084 vel
2379 1043 2451 1084 mi-

208 1117 344 1148 norem
372 1106 665 1147 admirationem
693 1105 798 1157 apud
823 1107 919 1147 alios
946 1111 1139 1153 moveant,
1174 1110 1228 1147 sic
1260 1110 1375 1147 etiam
1405 1109 1607 1147 hominum
1638 1110 1739 1146 male
1765 1110 1867 1147 facta
1893 1110 1979 1158 plus
2005 1109 2063 1145 vel
2090 1110 2216 1146 minus
2241 1110 2452 1151 atrocitatis

212 1169 366 1209 habent.
419 1168 646 1209 Aestimatio
671 1169 858 1211 virtutum
886 1172 1004 1222 atque
1030 1171 1223 1219 vitiorum,
1250 1170 1386 1212 deinde
1413 1171 1529 1211 etiam
1556 1171 1657 1211 bene
1683 1172 1751 1211 aut
1777 1169 1878 1210 male
1903 1169 2107 1218 sactorum,
2136 1183 2185 1211 ex
2211 1171 2282 1211 illis
2306 1171 2453 1211 virtuti-

206 1234 278 1271 bus
307 1233 364 1270 vel
390 1233 485 1270 vitiis
514 1235 703 1278 ortorum,
731 1245 781 1271 ex
806 1235 888 1283 ejus
917 1235 1062 1273 consilii
1089 1236 1239 1273 ratione
1266 1238 1305 1274 et
1331 1235 1448 1273 modo
1475 1234 1644 1286 pendere
1670 1233 1796 1282 debet,
1821 1233 1927 1285 quod
1948 1233 2033 1286 quis
2059 1233 2098 1273 in
2119 1233 2270 1287 agendo
2295 1234 2450 1275 secutus

207 1299 274 1336 est.
327 1295 516 1335 Volumus
543 1297 694 1346 agendo
723 1297 877 1336 efficere
904 1298 1068 1346 aliquid;
1109 1311 1158 1336 ex
1184 1300 1296 1347 hujus
1326 1300 1431 1344 finis,
1467 1301 1505 1337 in
1533 1310 1649 1347 quem
1676 1299 1864 1343 tenditur,
1906 1299 2057 1335 ratione
2083 1299 2183 1335 actio
2210 1298 2449 1336 aestimanda

209 1359 291 1398 erit.
343 1357 533 1399 Volumus
561 1358 727 1411 exempli
754 1369 872 1400 causa
898 1361 967 1400 aut
993 1359 1177 1410 prodesse
1205 1363 1271 1400 aut
1296 1372 1438 1401 nocere
1464 1361 1567 1407 aliis:
1608 1371 1685 1410 quo
1713 1359 1828 1410 igitur
1854 1359 1978 1409 majus
2004 1359 2097 1400 illud
2123 1361 2215 1406 erit,
2257 1373 2336 1410 quo
2361 1374 2453 1410 pro-

207 1423 315 1459 desse
342 1423 424 1458 aliis
451 1423 641 1467 volumus,
682 1432 731 1459 eo
759 1423 884 1471 majus
911 1424 1092 1460 meritum
1120 1426 1294 1462 nostrum
1322 1424 1414 1470 erit;
1457 1425 1605 1471 contra,
1638 1431 1716 1474 quo
1742 1421 1867 1474 majus
1895 1421 2079 1463 dmnnum
2105 1421 2198 1463 illud
2222 1423 2307 1472 erit,
2345 1422 2451 1477 quod

206 1485 287 1524 aliis
314 1485 456 1524 inferre
484 1486 674 1530 volumus,
702 1498 750 1523 eo
779 1487 904 1535 major
930 1487 1004 1523 erit
1031 1487 1144 1535 culpa
1170 1491 1313 1525 nostra.
1367 1488 1517 1525 Deinde
1544 1489 1660 1525 etiam
1683 1497 1732 1523 ex
1758 1486 1875 1523 modo
1896 1487 2046 1531 virium,
2072 1487 2211 1535 quibus
2237 1487 2287 1524 ad
2309 1487 2453 1538 aliquid

205 1546 483 1598 perficiendum
510 1558 608 1598 opus
635 1550 704 1595 est,
732 1547 958 1598 magnitudo
984 1548 1042 1588 vel
1070 1548 1193 1588 laudis
1219 1549 1276 1589 vel
1301 1548 1609 1599 reprehensionis
1636 1549 1829 1586 metienda
1855 1552 1924 1587 est.
1977 1549 2104 1598 Major
2121 1550 2203 1586 laus
2222 1550 2386 1590 debetur
2404 1553 2452 1597 ei,

207 1611 273 1660 qui
300 1611 438 1661 majori
466 1611 605 1650 virium
634 1610 882 1650 contentione
907 1621 1001 1650 usus
1030 1614 1088 1651 est
1115 1613 1153 1651 in
1179 1622 1223 1651 re
1249 1611 1352 1651 bona
1379 1610 1634 1663 perficienda,
1674 1620 1791 1660 quam
1819 1610 1873 1657 ei,
1915 1609 1979 1659 qui
2006 1609 2135 1650 leviori
2162 1622 2282 1661 opera
2308 1612 2451 1663 aliquid

206 1674 297 1712 boni
317 1674 487 1724 perfecit.
545 1673 608 1711 Sic
636 1674 752 1712 etiam
779 1673 904 1723 majus
930 1673 1063 1712 odium
1083 1675 1249 1713 concitat
1266 1677 1379 1714 atrox
1406 1674 1564 1721 facinus,
1590 1672 1695 1723 quod
1719 1672 1994 1713 vehementiori
2020 1674 2137 1713 animi
2163 1673 2289 1715 studio
2316 1678 2355 1715 et
2381 1676 2452 1716 im-

206 1739 298 1786 petu
325 1737 541 1786 perfectum
570 1740 639 1782 est,
668 1747 786 1785 quam
813 1736 906 1774 illud
932 1737 1032 1774 male
1061 1737 1217 1782 sactum,
1245 1738 1349 1786 quod
1369 1738 1453 1786 quis
1475 1748 1545 1786 per
1568 1736 1758 1773 levitatem
1778 1736 1894 1773 animi
1919 1737 2118 1774 commisit.
2173 1736 2248 1776 Sed
2271 1738 2452 1785 maxime,

211 1801 254 1838 ut
281 1799 372 1846 dixi,
409 1810 458 1838 ex
485 1799 591 1838 varia
619 1809 756 1838 eorum
787 1798 1046 1845 consiliorum,
1082 1810 1181 1848 quae
1206 1801 1474 1849 persequimur
1500 1798 1660 1848 agendo,
1687 1800 1826 1837 natura
1852 1800 1891 1836 et
1915 1799 2066 1837 ratione
2091 1800 2304 1838 aestimatio
2330 1800 2451 1839 facto·

211 1873 301 1900 rum
328 1861 491 1911 pendet,
526 1864 583 1907 et,
622 1860 808 1911 quidquid
835 1861 1003 1912 agimus,
1038 1872 1060 1900 e
1088 1861 1233 1900 consilii
1260 1862 1409 1902 ratione
1434 1862 1578 1902 factum
1605 1871 1719 1901 omne
1744 1860 1981 1901 metiendum
2008 1863 2076 1901 est.
2129 1861 2268 1912 Itaque
2293 1866 2453 1914 peccata

216 1926 291 1964 alia
318 1926 400 1964 aliis
426 1925 484 1963 vel
512 1925 661 1972 majora
684 1926 742 1962 vel
769 1926 919 1962 minora
948 1927 1035 1962 sunt
1060 1935 1131 1973 pro
1159 1926 1264 1962 varia
1290 1925 1418 1963 damni
1445 1926 1610 1976 ratione,
1650 1923 1755 1974 quod
1787 1924 1871 1974 quis
1903 1924 2091 1975 perficere
2116 1925 2245 1965 voluit.
2300 1924 2452 1966 Gradus

225 1987 327 2038 gitur
355 1987 558 2026 discrimen
587 1987 688 2026 cadit
714 1988 828 2027 etiam
856 1988 895 2026 in
920 1990 1089 2038 peccata.

397 2050 473 2089 Sed
498 2050 608 2099 paria
636 2050 735 2088 inter
762 2061 803 2089 se
830 2061 913 2089 esse
941 2050 1070 2089 omnia
1094 2053 1266 2100 peccata,
1294 2050 1411 2090 Stoici
1438 2050 1655 2089 censebant.
1709 2048 1908 2097 Quantum
1927 2050 2160 2089 incommodi
2187 2061 2237 2090 ex
2258 2053 2340 2090 tam
2361 2062 2449 2102 per-

210 2123 320 2152 versa
347 2114 533 2152 sententia
559 2113 603 2151 iis
630 2114 765 2151 natum
792 2114 841 2152 sit
868 2116 906 2153 et
932 2114 971 2153 in
996 2114 1169 2164 ipsorum
1196 2114 1369 2154 moribus
1397 2116 1435 2153 et
1462 2113 1501 2152 in
1529 2113 1694 2153 aliorum
1721 2112 1769 2153 de
1792 2113 1837 2153 iis
1865 2113 2158 2159 existimatione,
2192 2113 2302 2154 facile
2329 2125 2448 2164 appa-

208 2180 279 2216 ret.
335 2177 561 2225 Ubicunque
588 2176 730 2224 aliquid
757 2176 939 2215 delictum
966 2177 1323 2221 animadverterent,
1347 2176 1594 2215 acerbissime
1620 2175 1669 2214 de
1695 2186 1741 2214 eo
1765 2175 2007 2225 judicabant;
2034 2177 2148 2215 etiam
2167 2177 2197 2215 si
2217 2177 2344 2216 minus
2359 2176 2453 2217 illud

208 2241 319 2284 esset,
355 2239 515 2289 aequale
550 2239 587 2278 id
621 2239 793 2278 maximo
827 2239 970 2288 flagitio
1005 2240 1285 2278 existimabant.
1338 2239 1503 2277 Rectum
1531 2242 1571 2277 et
1599 2250 1767 2288 aequum
1794 2240 1833 2277 in
1860 2239 2024 2277 aliorum
2050 2239 2251 2277 hominum
2277 2240 2452 2279 moribus

153 2338 155 2342 .
208 2304 246 2341 et
273 2301 380 2341 factis
402 2302 617 2353 judicandis
644 2302 684 2340 in
710 2300 930 2341 hominibus
957 2313 981 2341 a
1007 2302 1203 2341 communi
1226 2313 1342 2341 sensu
1363 2304 1402 2341 et
1426 2304 1533 2341 recta
1552 2303 1701 2341 ratione
1720 2304 1802 2341 tam
1821 2301 1935 2351 longe
1952 2302 2220 2341 aberrantibus
2240 2303 2450 2343 consistere

209 2366 313 2402 nullo
348 2366 464 2403 modo
498 2366 637 2414 potuit.
691 2365 736 2401 In
762 2364 936 2413 plurimis
968 2375 1060 2402 sane
1092 2365 1209 2402 levius
1241 2365 1377 2412 peccat
1402 2364 1587 2413 pleraque
1613 2374 1703 2413 pars
1729 2362 1952 2408 hominum;
1991 2374 2112 2413 quum
2146 2364 2263 2413 igitur
2297 2365 2381 2416 pari
2414 2365 2455 2404 in

207 2427 347 2474 omnia,
382 2428 498 2467 etiam
531 2427 687 2473 leviora,
722 2429 883 2477 peccata
915 2425 1200 2465 exardescimus
1231 2426 1308 2473 ira,
1349 2427 1568 2467 acerbiores
1596 2426 1777 2467 adversus
1805 2427 1900 2466 alios
1927 2426 2088 2472 erimus,
2130 2436 2249 2475 quam
2279 2438 2352 2477 par
2383 2431 2451 2467 est.

206 2492 368 2529 Animus
395 2490 560 2529 hominis
588 2500 681 2529 sane
708 2491 850 2528 natura
876 2498 946 2527 sua
973 2488 1026 2526 ita
1055 2490 1299 2538 comparatus
1327 2490 1395 2536 est,
1423 2491 1467 2527 ut
1489 2489 1590 2529 male
1611 2489 1714 2529 sacta
1736 2488 1891 2541 indigne
1913 2487 2031 2536 seran
2059 2489 2127 2530 sed
2144 2491 2271 2529 ortam
2289 2500 2339 2535 ex
2355 2490 2450 2531 alio-

207 2566 294 2593 rum
318 2554 416 2593 vitiis
442 2554 756 2603 indignationem,
792 2563 893 2601 quae
919 2563 1043 2600 usque
1069 2552 1119 2589 ad
1145 2552 1243 2590 iram
1268 2552 1481 2601 procedere
1507 2555 1647 2602 potest,
1671 2555 1931 2602 temperemus
1957 2563 2113 2590 necesse
2141 2554 2210 2598 est,
2236 2553 2309 2592 nisi
2335 2554 2448 2593 nimis

207 2627 330 2664 acres,
371 2616 484 2656 nimis
510 2615 640 2655 acerbi
666 2614 835 2655 aliorum
856 2613 1004 2664 judices
1028 2613 1146 2653 videri
1174 2625 1298 2665 eoque
1325 2614 1488 2655 aliorum
1521 2615 1562 2655 in
1587 2627 1660 2656 nos
1688 2615 1791 2666 ipsos
1821 2614 1952 2654 odium
1980 2615 2149 2654 excitare
2175 2615 2370 2662 volumus,
2409 2615 2449 2654 id

206 2681 309 2730 quod
328 2680 462 2720 Stoicis
489 2679 638 2718 accidit.
691 2677 797 2718 Male
824 2678 926 2716 enim
952 2676 1057 2728 apud
1084 2679 1232 2717 ceteros
1257 2677 1432 2719 homines
1459 2677 1667 2719 audiebant
1696 2678 1856 2730 propter
1880 2677 2038 2719 nimiam
2065 2688 2175 2718 suam
2202 2677 2242 2718 in
2265 2677 2443 2728 judican-

207 2744 257 2781 do
284 2745 530 2783 acerbitatem
555 2743 627 2796 (Cf.
655 2753 742 2793 pag.
773 2737 863 2793 10.).
918 2741 1017 2779 Hinc
1043 2741 1161 2779 etiam
1187 2741 1330 2781 factum
1356 2744 1426 2789 est,
1457 2744 1501 2781 ut
1526 2742 1590 2781 alii
1616 2751 1684 2781 eos
1709 2741 1813 2792 ipsos
1839 2740 1897 2780 vel
1924 2740 2013 2780 odio
2039 2740 2226 2781 haberent
2252 2740 2311 2780 vel
2338 2744 2443 2782 certe

206 2805 407 2845 irriderent
433 2808 470 2846 et
496 2807 669 2857 ipsorum
695 2816 828 2845 mores
854 2803 981 2843 acrius
1008 2802 1262 2852 observantes,
1296 2818 1416 2855 quum
1443 2805 1588 2855 aliquid
1612 2805 1736 2845 vitiosi
1763 2805 1803 2844 in
1828 2805 1874 2844 iis
1900 2808 2116 2855 appareret,
2143 2816 2191 2844 eo
2218 2804 2346 2843 acrius
2375 2815 2442 2844 eos

202 2870 472 2919 vituperarent.
523 2869 638 2909 Hunc
662 2880 819 2909 sensum
845 2867 964 2908 etiam
992 2865 1142 2905 Horatii
1167 2866 1275 2906 locus
1301 2878 1419 2918 supra
1445 2868 1581 2908 allatus
1607 2867 1736 2909 habet.
1799 2867 2055 2909 Transeamus
2076 2868 2160 2920 jam
2191 2866 2242 2907 ad
2270 2866 2437 2908 alterum

207 2931 429 2973 Stoicorum
454 2932 585 2972 vitium
611 2943 636 2973 a
664 2932 851 2974 Cicerone
877 2933 1066 2978 notatum,
1092 2930 1143 2971 ad
1169 2941 1305 2972 eorum
1331 2932 1603 2982 arrogantiam.
