2634 3601
777 383 874 423 „Nec
895 384 1010 420 vincet
1031 384 1123 420 ratio
1145 383 1232 422 hoc,
1251 380 1461 416 tantumdem
1483 385 1523 414 ut
1546 386 1670 424 peccet
1690 381 1873 424 idemque,

771 435 837 475 Qui
861 439 1001 472 teneros
1024 435 1146 472 caulos
1169 432 1275 467 alieni
1299 432 1447 479 fregerit
1467 432 1574 471 horti.

772 487 815 521 Et
835 488 897 530 qui
919 493 1117 523 nodamus
1139 483 1269 519 Divum
1290 493 1393 519 sacra
1415 485 1544 531 legerit
1595 485 1694 519 Adsit

772 539 920 588 Regula,
942 539 1100 586 peccatis
1121 537 1207 582 quae'
1231 545 1358 583 poenas
1380 536 1519 585 irroget
1543 546 1679 582 aequas,

770 592 822 625 Ne
838 593 973 626 scutica
995 593 1146 637 dignum
1169 590 1332 623 horribili
1357 593 1497 623 sectere
1515 590 1671 634 flagello.

769 642 857 677 Nam
881 646 920 678 ut
940 643 1053 679 ferula
1075 641 1196 678 caedas
1218 641 1381 675 meritum
1407 640 1542 685 majora
1566 641 1694 677 subire

769 695 941 736 Verbera,
963 706 1035 729 oon
1058 704 1199 736 vereor,
1221 703 1303 727 cum
1325 695 1434 738 dicas,
1457 704 1537 729 ωδε
1559 703 1665 738 paroe
1686 702 1758 735 τω,

768 746 872 783 Furta
895 747 1090 783 latrociniis
1112 751 1147 782 et
1170 748 1310 793 magnis
1331 758 1440 792 parva
1464 747 1610 783 mineris

768 799 873 834 Falce
895 801 1093 835 recisurum
1114 799 1225 834 simili
1245 803 1290 838 te.
1310 799 1342 834 si
1363 800 1428 835 tibi
1451 808 1603 846 regnum

768 852 975 888 Permittant
997 852 1203 887 hominoef‘

393 906 621 945 Accuratius
647 905 893 956 inspiciamus
918 907 1023 946 hunc
1048 907 1188 945 locum.
1242 906 1421 945 Horatius
1442 906 1592 945 Stoicos
1618 905 1680 944 hic
1705 905 1805 944 ridet
1830 915 1880 944 ex
1906 915 2021 944 sensu
2049 903 2238 943 nobilium
2256 901 2451 941 Romano-

215 980 303 1010 rum
331 968 428 1009 illius
455 970 601 1017 aetatiS,
628 970 694 1020 qui
721 969 922 1010 dulcedine
947 971 1046 1010 vitae
1071 970 1255 1010 delicatae
1280 969 1370 1010 nihil
1396 970 1524 1021 potius
1551 968 1755 1015 habebant,
1782 971 1822 1008 et
1848 969 1987 1019 quibus
2013 968 2133 1008 nimia
2151 966 2372 1007 Stoicorum
2392 977 2450 1005 se-

213 1034 350 1073 veritas
376 1033 465 1071 odio
491 1036 584 1071 erat,
638 1032 770 1072 Nexus
796 1046 931 1073 rerum
956 1034 1019 1073 hic
1045 1038 1112 1073 est.
1164 1034 1346 1073 Horatius
1366 1036 1571 1083 postquam
1592 1033 1630 1070 in
1648 1033 1704 1078 iis,
1738 1043 1838 1081 quae
1857 1032 2099 1077 antecedunt,
2126 1031 2335 1081 pessimam
2353 1030 2450 1067 mul-

214 1098 347 1136 torum
373 1094 573 1136 hominum
601 1096 928 1145 consuetudinem,
954 1096 1117 1137 aliorum
1142 1096 1232 1136 vitia
1257 1095 1315 1136 vel
1341 1095 1529 1135 levissima
1555 1096 1707 1146 praeter
1733 1093 1893 1134 modum
1919 1094 2085 1144 graviter
2107 1093 2254 1133 ferendi
2281 1096 2321 1132 et
2343 1104 2450 1132 acer-

209 1158 364 1197 bissime
390 1158 678 1210 perstringendi,
717 1160 775 1199 vel
803 1161 919 1199 etiam
943 1160 1099 1199 virtutes
1125 1160 1164 1199 in
1190 1158 1333 1198 malam
1358 1160 1510 1210 partem
1537 1156 1822 1208 interpretandi,
1864 1157 2100 1208 vituperavit,
2142 1157 2278 1197 contra
2304 1158 2450 1204 monet,

212 1221 348 1260 melius
375 1232 469 1268 esse,
503 1224 635 1261 mitem
663 1234 704 1261 se
729 1225 916 1272 praebere
943 1224 1035 1269 aliis,
1067 1225 1236 1261 maxime
1261 1224 1405 1268 amicis,
1443 1232 1656 1268 eorumque
1680 1221 1775 1258 vitiis
1802 1222 2014 1265 connivere,
2050 1222 2280 1269 praesertim
2308 1222 2338 1257 si
2366 1222 2449 1269 ipse

212 1282 391 1323 similium
417 1284 595 1324 vitiorum
621 1295 759 1335 expers
784 1296 864 1325 non
890 1286 951 1325 sis.
1006 1283 1138 1333 Quum
1156 1296 1271 1325 nemo
1293 1284 1398 1324 omni
1419 1283 1509 1323 vitio
1530 1284 1670 1328 careat,
1698 1281 1879 1321 Horatius
1905 1282 2037 1331 inquit,
2062 1282 2093 1321 is
2116 1282 2228 1321 nobis
2250 1293 2324 1333 pro
2346 1284 2446 1333 opti-

212 1357 278 1385 mo
306 1346 372 1393 sit,
416 1348 482 1397 qui
507 1348 671 1387 minimis
699 1347 890 1387 obnoxius
917 1350 992 1395 est;
1032 1348 1203 1399 iniquam
1228 1348 1354 1398 legem
1379 1347 1420 1385 in
1445 1348 1598 1385 nosmet
1624 1345 1725 1396 ipsos
1752 1345 1975 1392 statuimus,
2014 1346 2045 1385 si
2076 1345 2158 1385 aliis
2192 1356 2264 1385 nos
2292 1356 2448 1385 severos

212 1410 442 1461 praebemus
469 1409 517 1464 (v.
543 1407 741 1464 67—69.).
794 1413 974 1461 Aequum
999 1415 1069 1459 est,
1094 1412 1262 1462 peccatis
1285 1411 1436 1449 veniam
1458 1409 1563 1455 dare,
1591 1410 1621 1448 si
1646 1419 1693 1447 ea
1710 1410 1778 1447 tibi
1804 1410 1873 1459 ipsi
1901 1420 1997 1460 opus
2026 1412 2085 1448 est
2111 1407 2159 1461 (v.
2179 1405 2272 1460 75.).
2327 1408 2446 1447 Dein-

213 1472 261 1513 de
287 1474 444 1524 „aequis
469 1474 704 1524 ponderibus
730 1474 995 1524 modulisque“
1020 1485 1093 1525 par
1119 1477 1177 1514 est
1203 1475 1294 1514 vitia
1316 1474 1520 1513 aestimare
1547 1470 1593 1524 (ν.
1621 1468 1720 1523 78.);
1749 1472 1902 1511 insanus
1927 1474 1958 1511 is
1977 1475 2046 1518 est,
2074 1473 2140 1521 qui
2166 1483 2333 1518 servum,
2361 1474 2441 1522 qui,

212 1536 409 1587 „patinam
434 1536 569 1576 tollere
591 1536 732 1587 JussuS,
760 1546 927 1576 semesos
952 1537 1076 1588 pisces
1101 1537 1352 1588 tepidumque
1377 1535 1583 1587 ligurrierit
1605 1535 1680 1585 Jus,
1714 1535 1753 1574 in
1780 1546 1896 1575 cruce
1921 1535 2084 1586 suffigat,
2111 1534 2215 1586 quod
2238 1535 2296 1574 vel
2324 1534 2445 1575 surio-

212 1599 292 1639 sius
318 1601 434 1649 atque
460 1601 584 1650 majus
606 1603 808 1650 peccatum
835 1603 917 1639 est“
946 1598 993 1653 (v.
1021 1596 1221 1653 78—84.).
1275 1601 1454 1650 Iniquum
1473 1602 1541 1645 est,
1569 1600 1599 1637 si
1618 1600 1764 1638 amicus
1782 1600 1940 1650 paulum
1961 1600 2171 1649 deliquerit,
2199 1610 2289 1639 eum
2316 1600 2445 1639 odisse

213 1664 253 1701 et
279 1661 433 1712 fugere;
474 1663 540 1712 qui
566 1663 671 1701 nulla
697 1663 736 1702 in
761 1674 817 1708 re,
850 1674 977 1713 neque
1001 1663 1042 1701 in
1067 1664 1281 1702 minoribus
1308 1663 1451 1702 delictis
1478 1663 1603 1701 amico
1630 1663 1802 1712 ignoscit,
1837 1663 1869 1701 is
1895 1664 1999 1701 recte
2024 1663 2186 1701 insuavis
2213 1665 2253 1701 et
2278 1662 2445 1701 acerbus

211 1724 389 1770 habetur,
423 1722 469 1777 (ν.
497 1721 683 1778 84-94.)
738 1723 869 1773 Quid?
902 1726 934 1765 si
960 1726 999 1765 in
1026 1726 1237 1776 majoribus
1262 1723 1508 1777 peccaverit?
1544 1725 1591 1778 (v.
1619 1722 1699 1778 95.)
1752 1725 1853 1764 Nam
1879 1725 2017 1774 quibus
2043 1726 2151 1775 paria
2177 1736 2259 1764 esse
2284 1729 2445 1775 peccata

210 1787 348 1838 placet,
367 1787 393 1826 ii
413 1787 659 1827 vehementer
680 1787 869 1834 laborant,
896 1799 1044 1838 „quum
1061 1791 1218 1828 ventum
1236 1792 1294 1829 est
1311 1789 1361 1829 ad
1378 1800 1533 1834 verum;
1562 1798 1695 1827 sensus
1714 1798 1919 1836 moresque
1935 1791 2185 1838 repugnant.“
2214 1788 2260 1841 (v.
2277 1785 2342 1827 96.
2360 1784 2443 1840 97.)
2509 1820 2517 1825 .

210 1850 299 1901 Ipsa
321 1850 462 1889 utilitas
477 1850 569 1900 justi
595 1852 720 1897 mater
745 1852 804 1889 est
828 1853 867 1890 et
893 1851 1006 1901 aequi
1032 1848 1081 1904 (v.
1099 1848 1192 1905 98.).
1238 1852 1422 1892 Homines
1448 1853 1622 1891 recentes
1649 1851 1698 1889 ab
1726 1853 1815 1889 ortu
1842 1862 1914 1889 suo
1938 1854 1977 1890 et
1999 1852 2124 1901 primo
2148 1863 2305 1902 prorsus
2328 1852 2445 1892 rudes

210 1916 249 1951 et
280 1912 413 1951 inculti
445 1912 537 1950 nihil
570 1912 674 1951 aliud
699 1913 912 1962 agitabant,
951 1923 1069 1963 quam
1103 1917 1148 1954 ut
1181 1916 1215 1954 vi
1252 1918 1291 1954 et
1324 1916 1441 1954 armis
1467 1915 1507 1954 in
1534 1924 1576 1952 se
1604 1914 1705 1963 ipsos
1732 1916 1934 1952 uterentur
1962 1912 2008 1966 (v.
2035 1910 2267 1967 99-102.);
2308 1914 2444 1954 deinde

208 1975 392 2027 paulatim
419 1974 521 2025 leges
548 1975 716 2014 invenire
746 1976 863 2025 inque
897 1977 1098 2017 societates
1128 1979 1234 2018 coire
1270 1981 1498 2028 coeperunt,
1543 1980 1587 2015 ut
1613 1977 1802 2015 maleficia
1830 1979 2070 2023 coercerent,
2111 1989 2210 2027 quae
2235 1978 2443 2028 plurimum

207 2038 337 2079 damni
362 2036 564 2076 hominum
590 2036 761 2076 societati
788 2037 972 2078 afferrent
1010 2037 1057 2091 (v.
1087 2036 1202 2093 loct).
1258 2040 1346 2081 Non
1371 2043 1510 2080 natura
1536 2040 1711 2089 iniquum
1739 2050 1763 2079 a
1784 2040 1891 2090 J'usto
1919 2041 2141 2086 secernitur,
2177 2041 2245 2081 sed
2271 2041 2442 2081 utilitate.

205 2102 252 2155 (ν.
282 2097 385 2151 113.)
439 2100 587 2139 Deinde
613 2100 667 2139 ita
691 2101 816 2150 pergit
843 2100 890 2153 (v.
921 2098 1043 2153 115.):

785 2161 883 2204 „Nec
903 2161 1022 2197 vincet
1043 2161 1133 2196 ratio
1156 2162 1239 2205 hoc,
1270 2163 1364 2197 etc‚“

389 2216 541 2255 Bonum
566 2215 681 2264 igitur
706 2218 776 2253 aut
801 2216 997 2262 damnum,
1023 2216 1129 2265 quod
1154 2216 1283 2264 aliquo
1310 2216 1410 2254 facto
1437 2216 1639 2262 efficiatur,
1666 2217 1850 2255 Horatius
1877 2218 1958 2255 vult
1981 2220 2146 2268 spectari
2174 2220 2213 2257 in
2226 2220 2372 2270 judicio
2391 2220 2439 2258 de

206 2292 253 2320 eo
279 2277 451 2326 ferendo,
486 2289 650 2329 eamque
675 2276 726 2317 ob
754 2289 910 2318 causam
937 2277 1086 2319 Stoicos
1111 2280 1301 2331 vituperat
1327 2290 1541 2330 eorumque
1567 2279 1616 2319 de
1641 2280 1798 2331 paribus
1824 2281 1991 2331 peccatis
2019 2283 2258 2322 sententiam.
2311 2283 2438 2322 Etiam

204 2345 245 2384 in
271 2343 517 2394 sequentibus
544 2342 638 2380 alias
662 2352 799 2380 eorum
825 2343 1021 2393 opiniones
1048 2343 1159 2382 affert
1186 2345 1226 2382 et
1256 2343 1378 2393 carpit
1411 2346 1451 2383 et
1475 2344 1703 2382 nominatim
1730 2342 1998 2394 Chrysippum,
2030 2344 2195 2384 alterum
2222 2346 2436 2385 secundum

204 2406 400 2446 Zenonem
434 2416 570 2444 eorum
609 2404 838 2454 choragum,
873 2405 1037 2445 ludibrio
1068 2405 1197 2444 habet.
1248 2405 1451 2451 Videmus,
1492 2417 1627 2444 sanam
1655 2407 1805 2444 Horatii
1839 2410 2010 2445 mentem
2048 2407 2171 2445 multo
2209 2409 2353 2447 rectius
2390 2408 2439 2448 de

203 2469 321 2509 rebus
343 2467 528 2520 iudicare,
555 2478 674 2519 quam
701 2479 768 2508 eos
795 2469 995 2520 sapientes,
1022 2469 1088 2519 qui
1115 2469 1186 2509 soli
1211 2469 1282 2509 sibi
1308 2469 1496 2519 sapientes
1521 2469 1760 2510 videbantur.

391 2531 451 2571 De
468 2530 699 2580 aequalitate
714 2534 963 2581 peccatorum
980 2531 1176 2581 quomodo
1194 2533 1380 2571 senserint
1397 2531 1527 2579 Stoici,
1550 2532 1715 2582 denique
1732 2533 1840 2572 locus
1858 2532 2040 2582 Diogenis
2058 2530 2201 2570 Laertii
2222 2542 2295 2571 nos
2314 2532 2442 2580 docet,

204 2596 269 2648 qui
286 2594 425 2647 legitur
442 2591 476 2649 §.
496 2589 584 2634 120.
602 2593 688 2634 libri
705 2594 786 2634 vll.
837 2595 994 2643 „Placet
1007 2595 1052 2635 iis
1070 2591 1248 2648 (Stoicis),
1274 2595 1383 2646 paria
1400 2596 1605 2637 aestimare
1623 2598 1795 2648 peccata,
1821 2598 1867 2636 ut
1884 2595 1974 2636 dicit
1991 2593 2223 2646 Chrysippus
2240 2595 2282 2635 in
2298 2599 2440 2647 quarto

204 2660 302 2700 libro
319 2659 587 2709 quaestionum
605 2658 822 2705 moralium,
849 2662 889 2698 et
904 2659 1090 2698 Persaeus
1107 2661 1147 2698 et
1164 2658 1287 2704 Zeno;
1315 2659 1424 2698 sicuti
1451 2670 1542 2698 vero
1566 2660 1643 2698 alio
1666 2660 1771 2698 aliud
1794 2660 1920 2699 verius
1945 2669 2029 2698 esse
2053 2668 2134 2697 non
2151 2660 2285 2709 possit,
2309 2670 2439 2710 neque

204 2722 446 2765 mendacium
460 2721 563 2763 aliud
576 2720 651 2761 alio
659 2721 893 2770 mendacius,
914 2733 1040 2773 neque
1052 2721 1157 2762 fraus
1170 2720 1305 2763 fraude
1318 2720 1607 2770 fraudulentior,
1631 2724 1686 2763 sic
1706 2724 1823 2764 etiam
1842 2724 1996 2764 omnino
2009 2726 2214 2773 peccatum
2234 2723 2340 2764 aliud
2361 2725 2439 2764 alio

203 2788 313 2839 pejus
325 2796 409 2825 esse
423 2796 502 2824 non
515 2796 640 2835 posse,
660 2788 776 2835 atque
790 2787 900 2826 sicuti
913 2787 956 2832 is,
976 2786 1042 2836 qui
1061 2787 1216 2824 centum
1236 2784 1364 2823 stadiis
1381 2785 1482 2824 absit
1503 2796 1527 2824 a
1548 2784 1706 2836 Canopo
1729 2784 1842 2839 (urbe
1854 2783 2029 2838 Aegypti)
2050 2788 2090 2825 et
2108 2787 2175 2836 qui
2196 2797 2289 2833 uno,
2313 2797 2440 2837 aeque

202 2861 283 2892 non
301 2849 349 2891 sit
367 2847 523 2900 Canopi,
550 2848 605 2889 sic
622 2849 738 2889 etiam
755 2861 858 2897 eum,
885 2849 951 2900 qui
967 2849 1007 2890 in
1022 2860 1067 2890 re
1083 2848 1219 2900 majori
1237 2850 1276 2889 et
1293 2859 1395 2895 eum,
1422 2849 1489 2899 qui
1516 2849 1556 2889 in
1580 2861 1625 2889 re
1651 2851 1789 2890 minori
1816 2852 1960 2901 peccet,
1986 2860 2111 2899 aeque
2136 2851 2179 2889 in
2204 2851 2296 2889 vitio
2316 2858 2438 2891 essef·

388 2912 434 2950 In
459 2911 529 2958 his,
556 2922 657 2961 quae
675 2912 862 2952 hactenus
881 2912 1001 2959 attuli,
1027 2913 1143 2951 etiam
1170 2921 1310 2950 causae
1332 2912 1587 2959 continentur,
1615 2922 1685 2952 cur
1703 2913 1757 2952 ita
1776 2912 1976 2953 docuerint
1992 2911 2131 2960 Stoici;
2158 2913 2366 2956 voluerunt
2385 2914 2439 2956 di-

203 2986 304 3023 cere,
328 2976 501 3015 omnium
521 2979 770 3025 peccatorum
790 2977 868 3016 sive
888 2977 1090 3026 majorum,
1117 2976 1194 3015 sive
1212 2976 1418 3023 minorum,
1443 2986 1564 3015 unam
1587 2977 1825 3027 eandemque
1851 2980 2032 3016 naturam
2059 2980 2100 3016 et
2126 2979 2319 3018 rationem
2339 2990 2439 3023 esse:

203 3038 243 3076 in
269 3039 448 3078 omnibus
475 3038 645 3078 aberrari
673 3048 698 3078 a
722 3042 849 3084 rect0;
889 3038 1024 3079 deinde
1055 3038 1334 3087 existimabant,
1372 3037 1550 3079 facillime
1580 3050 1621 3078 se
1652 3039 1770 3078 etiam
1803 3050 1827 3079 a
1852 3039 2066 3080 minoribus
2099 3040 2299 3143 deterrire
2327 3053 2439 3094 posse
