2634 3601
208 291 432 341 religionem
460 290 618 339 spectat.
664 289 774 331 Illam
799 301 891 331 vero
916 293 1089 335 intimam
1112 300 1202 329 cum
1227 289 1313 339 ipso
1341 290 1651 329 communionem
1675 301 1755 329 non
1775 293 1924 330 temere
1949 290 2217 342 negligendam
2239 294 2311 332 aut
2334 302 2448 344 pru·-

208 365 274 396 sus
300 351 552 402 abjiciendam
579 364 681 402 esse,
706 354 809 395 idem
833 356 1019 408 praecipit
1044 353 1240 398 Christus:
1272 361 1365 392 nam
1390 351 1560 403 alioquin
1585 351 1759 392 fumrum
1784 364 1884 401 esse,
1919 356 1965 393 ιιι
1989 354 2103 395 sicuti
2127 354 2275 406 palmes
2305 365 2332 397 a
2358 365 2447 397 eor·

208 428 304 470 pore
330 415 415 456 vitis
439 416 569 455 avulsa
595 418 757 465 arescit,
790 418 846 457 sic
870 419 1069 459 suuimior
1095 415 1212 455 animi
1238 416 1314 454 vita
1340 416 1381 454 in
1406 416 1519 455 nobis
1545 426 1663 454 succo
1691 425 1827 453 carens
1851 419 2020 462 arescat,
2052 419 2312 468 extinguatur.
2365 418 2446 459 De-

211 479 329 530 nique
353 477 456 521 idem
479 478 592 519 docet
617 477 803 526 Christus,
826 480 868 518 in
892 479 968 522 hae
993 491 1083 521 cunm
1108 479 1193 529 ipso
1221 478 1491 519 communione
1514 488 1671 518 omnem
1693 477 1862 527 positam
1887 486 1974 516 esse
1995 477 2151 519 beatam
2172 481 2300 528 vitam,
2326 492 2446 533 quam

208 544 291 593 ipse
322 542 400 581 suis
435 542 613 591 inspiret,
652 544 692 581 et
723 542 775 580 ad
807 551 925 590 quam
957 553 1090 582 omnes
1121 541 1297 583 homines
1330 541 1504 582 destinati
1533 543 1620 581 sint.
1687 540 1957 579 Fundamenta
1996 540 2095 580 baec
2125 543 2324 582 notissima
2361 545 2446 594 ejus
2470 564 2472 566 ·

210 604 422 652 doctrinae,
457 615 574 654 quam
601 603 776 645 Christus
803 602 953 649 docuit,
988 605 1161 646 attulisse
1186 602 1277 643 satis
1304 602 1448 651 habeo,
1481 607 1527 644 ut
1552 604 1641 644 inde
1666 603 1817 654 longius
1842 602 2073 653 progrediar
2104 601 2156 643 ad
2183 603 2445 654 expuend-

208 678 295 710 eam
319 667 529 720 sapientiae
554 666 739 714 formam,
774 676 875 717 quae
900 676 1004 705 nunc
1024 666 1107 716 iam
1132 665 1363 716 optimorum
1389 666 1592 706 hominum
1618 666 1808 705 mentibus
1834 665 2072 704 obversatur.

389 748 465 794 Ea,
500 758 601 798 quae
635 747 807 788 Clu-istus
817 747 986 793 fdocuit,
1020 746 1131 794 fecit,
1162 757 1299 797 passus
1332 751 1389 786 est
1422 758 1496 798 pro
1534 747 1660 786 salute
1692 747 1844 796 generis
1874 738 2053 792 humani,
2088 744 2195 798 (nam
2221 748 2303 797 pati
2329 748 2447 788 etiam

205 812 420 852 humanum
454 808 545 864 est),
580 809 755 850 homines
792 809 916 849 divino
950 809 1032 860 ejus
1067 809 1200 861 spiritu
1232 809 1367 857 afflati,
1412 810 1464 849 ad
1498 809 1674 849 altiorem
1711 810 1937 861 sapientiam
1963 809 2150 849 enitentes
2183 811 2302 861 atque
2331 809 2447 862 hujm

205 876 321 928 ipsius
355 875 468 914 latius
500 874 772 925 propagandae
799 872 978 919 studiosi,
1012 874 1091 912 veri
1118 872 1255 912 Christi
1286 875 1514 919 sectatores,
1548 883 1708 922 operam
1735 873 1939 920 dedenmt,
1972 876 2018 911 ut
2042 883 2116 923 pro
2143 874 2448 924 uniuscuiusque

206 937 342 978 aetatis
375 939 492 986 atque
528 936 650 986 gentis
683 936 834 975 ratione
866 935 1090 984 aequalibus
1116 935 1442 985 popularibusque
1479 935 1558 972 suis
1588 934 1822 984 explicarent
1846 935 2166 984 infunderentque
2198 945 2339 975 eorum
2365 937 2448 975 ani·

206 1000 292 1042 mis.
344 996 434 1048 Qua
470 998 510 1039 in
549 1008 594 1039 re
629 997 784 1050 plurimi
823 996 1000 1039 habenda
1039 999 1128 1037 sunt
1164 996 1436 1048 theologorum
1476 998 1594 1047 atque
1628 998 1921 1039 constitutorum
1962 997 2001 1038 in
2036 997 2199 1039 ecclesia
2233 996 2450 1040 Christiana

207 1063 414 1103 doctorum
438 1062 587 1101 merita.

394 1147 650 1185 Accessenmt
674 1143 751 1182 hac
774 1146 909 1183 nostra
933 1145 1058 1182 aetate
1083 1153 1130 1182 ea
1152 1143 1203 1181 ad
1228 1143 1499 1191 intelligentiae
1531 1145 1648 1190 atque
1672 1143 1821 1180 virtutis
1845 1143 2120 1191 perfectionem
2146 1144 2362 1192 spectantia
2388 1144 2448 1181 in-

208 1208 433 1263 citamenta,
466 1217 566 1259 quae
597 1205 718 1247 homo
752 1216 802 1246 ex
836 1204 1129 1257 contemplanda
1160 1216 1295 1245 rerum
1326 1203 1575 1245 universitate
1606 1214 1754 1255 suaque
1777 1204 1895 1256 ipsius
1918 1207 2077 1254 natura,
2110 1206 2262 1246 ratione
2288 1205 2448 1258 ingene-

207 1274 294 1312 rata
326 1271 445 1318 duce,
479 1271 635 1310 haurire
667 1272 813 1321 potest,
847 1270 889 1308 in
920 1269 1059 1319 quibus
1093 1269 1325 1309 inveniendis
1359 1269 1749 1318 ingeniosissimorum
1779 1268 1980 1307 hominum
2010 1269 2221 1309 elaboravit
2245 1269 2448 1309 industria.

206 1334 273 1377 Sic
295 1333 532 1377 intellectum
552 1334 634 1386 jam
661 1334 738 1381 est,
764 1334 945 1374 naturam
970 1332 1114 1384 ipsam,
1148 1344 1249 1384 quae
1274 1334 1333 1373 est
1358 1330 1575 1383 complexio
1601 1331 1737 1372 virium
1771 1344 1793 1372 e
1818 1330 1904 1372 Deo
1928 1333 2210 1381 emanantium,
2237 1336 2357 1384 atque
2383 1344 2447 1374 ra·

204 1400 352 1439 tionem
376 1399 631 1437 severissimas
657 1407 812 1436 morum
838 1396 943 1446 leges
970 1396 1249 1446 praescriberm
1285 1395 1490 1435 sanitatem
1516 1396 1655 1434 mentis
1682 1398 1799 1445 atque
1827 1397 1999 1446 corporis
2032 1407 2082 1436 ex
2108 1406 2263 1452 morum
2289 1396 2447 1447 integri-

204 1464 285 1502 tate
309 1460 490 1512 pendere,
517 1471 595 1510 qua
621 1459 772 1499 sublata
796 1457 1056 1509 pulcherrima
1084 1458 1150 1498 illa
1174 1461 1292 1509 atque
1318 1458 1443 1498 divina
1469 1459 1657 1508 sapientia
1687 1459 1840 1498 condita
1866 1459 1983 1498 animi
2011 1460 2260 1510 corporisque
2284 1459 2446 1499 humani

207 1523 465 1565 conformatio
496 1523 747 1574 perturbetur
779 1523 849 1560 aut
878 1521 994 1573 plane
1028 1521 1266 1566 destruatur:
1301 1521 1405 1570 quod
1433 1521 1516 1571 jam
1542 1522 1806 1572 unusquisque
1840 1522 1937 1562 bene
1962 1523 2156 1562 institutus
2181 1522 2301 1561 homo
2327 1524 2447 1563 tenet.

205 1588 268 1629 Ita
302 1589 396 1627 nata
422 1586 564 1627 sensim
589 1585 808 1634 sensimque
841 1585 881 1623 et
907 1583 1060 1624 exctilta
1086 1586 1145 1624 est
1168 1585 1382 1623 communis
1408 1584 1599 1634 quaedam
1624 1585 1820 1635 persuasio
1855 1587 1973 1634 atque
1998 1596 2132 1624 rerum
2157 1586 2372 1625 aestimatio
2408 1589 2449 1625 et

208 1649 383 1702 pervenit
412 1647 463 1688 ad
490 1647 754 1687 maturitatem
790 1645 985 1696 quandam
1011 1646 1203 1697 cogitandi
1236 1648 1276 1686 et
1301 1648 1406 1686 recte
1432 1646 1643 1694 sentiendi,
1677 1657 1778 1697 quae
1805 1647 2018 1686 communis
2050 1647 2248 1698 persuasio
2275 1648 2449 1688 moribus

207 1716 288 1764 jam
304 1723 371 1753 eas
386 1712 535 1751 vivendi
549 1712 653 1760 leges
669 1710 907 1760 praescribit,
928 1710 1161 1760 quibuscum
1181 1711 1348 1749 concinit
1367 1720 1458 1749 vera
1476 1709 1649 1748 humana
1665 1711 1862 1760 sapientia.
1901 1710 2059 1760 Sapiens
2075 1712 2190 1760 igitur
2204 1712 2285 1760 jam
2309 1712 2382 1750 erit
2404 1713 2448 1755 is,

211 1775 278 1831 qui
304 1774 355 1816 ad
379 1772 480 1814 hanc
505 1775 637 1813 nostra
663 1773 790 1812 aetate
815 1774 954 1819 ortam,
987 1773 1160 1812 sanctam
1185 1773 1304 1824 atque
1332 1772 1436 1812 omni
1472 1782 1523 1811 ex
1547 1783 1711 1812 numero
1737 1771 1966 1824 perfectam,
1993 1772 2228 1825 disciplinam
2251 1784 2385 1814 revera
2410 1774 2451 1814 in

212 1837 411 1880 sentiendo
448 1839 565 1886 atque
600 1837 640 1875 in
673 1836 821 1885 agendo
853 1846 895 1874 se
930 1836 1259 1882 accommodabit,
1294 1837 1403 1885 isque
1435 1836 1635 1874 vocabitur
1662 1835 1919 1883 Christianus,
1954 1837 2045 1887 quia
2078 1837 2211 1876 nititur
2244 1837 2285 1875 in
2312 1836 2450 1876 funda·

212 1904 357 1950 mento,
383 1899 488 1951 quod
515 1897 688 1940 Christus
708 1898 811 1949 jecit.
866 1898 969 1938 Talis
1002 1898 1119 1949 igitur
1152 1899 1333 1950 sapientis
1365 1898 1511 1948 species
1548 1899 1740 1949 supplebit
1773 1911 1853 1939 non
1885 1900 2012 1941 solum
2046 1900 2311 1951 imperfectam
2336 1901 2452 1948 illam,

213 1977 335 2021 quam
366 1964 484 2005 etiam
516 1963 634 2014 ipsius
662 1959 855 2001 Ciceronis
888 1961 1096 2000 autoritate
1130 1961 1234 2001 ducti
1267 1961 1491 2011 rejecimuS,
1527 1960 1697 2001 Stoicam
1732 1963 1979 2013 sapientiam,
2015 1963 2084 2003 sed
2110 1974 2267 2004 omnem
2295 1965 2453 2005 omnino

213 2027 448 2080 antiquitatis
473 2024 710 2076 sapientiam.

398 2106 476 2150 Sed
502 2117 624 2158 quum
647 2107 800 2146 tantum
825 2103 1074 2146 tribuendum
1096 2105 1145 2144 sit
1169 2104 1374 2144 recentiori
1402 2104 1641 2155 disciplinae,
1674 2106 1895 2147 existimare
1930 2107 2066 2158 aliquis
2091 2109 2231 2159 possit,
2262 2109 2346 2159 jam
2373 2120 2450 2149 non

214 2184 311 2227 opus
337 2182 422 2213 esse
445 2169 683 2220 antiquitatis
707 2166 879 2207 Graecae
904 2170 1021 2218 atque
1046 2167 1244 2207 Romanae
1270 2167 1421 2214 studiis,
1464 2168 1529 2218 qui
1556 2178 1667 2206 error
1692 2170 1826 2219 paucis
1851 2169 2076 2209 refutandus
2102 2171 2264 2211 videtur.

398 2252 643 2303 Antiquitatis
669 2250 796 2290 studia
820 2251 1036 2290 necessario
1064 2251 1103 2290 in
1128 2261 1289 2290 numero
1316 2261 1452 2289 earum
1478 2251 1763 2301 disciplinarum
1788 2255 2000 2302 ponuntur,
2043 2253 2183 2302 quibus
2216 2253 2332 2303 plena
2363 2264 2452 2292 eru·

217 2318 310 2358 ditio
335 2317 544 2368 perficitur.
598 2314 686 2354 Jam
718 2314 889 2365 primum
919 2315 1091 2364 apparet,
1126 2314 1299 2352 omnium
1332 2314 1488 2352 omnino
1518 2314 1693 2365 priorum
1726 2317 1901 2354 aetatum
1927 2316 2143 2366 cognitione
2169 2326 2268 2367 opus
2294 2325 2377 2356 ene
2404 2316 2455 2355 ad

216 2381 373 2433 plenam
399 2378 641 2421 efficiendam
667 2378 786 2429 ipsius
812 2378 976 2416 naturae
1000 2376 1194 2416 humanae
1220 2376 1486 2427 cognitionem.
1537 2376 1796 2417 Vehementer
1821 2378 1871 2418 ad
1898 2379 1937 2418 id
1962 2380 2131 2426 interest,
2157 2380 2273 2419 etiam
2298 2378 2455 2419 inferio-

221 2455 287 2485 res
312 2444 394 2494 eius
422 2444 644 2484 animorum
670 2440 843 2481 cultmae
867 2439 1009 2494 gradus
1036 2450 1288 2490 cognoscere,
1328 2451 1425 2489 quos
1452 2441 1604 2481 animus
1630 2440 1823 2481 humanus
1849 2452 2027 2482 emensus
2051 2444 2130 2489 est,
2169 2443 2380 2490 antequam
2405 2442 2457 2481 ad

222 2517 325 2554 eum,
362 2507 403 2546 in
429 2516 508 2557 quo
534 2515 640 2545 nunc
666 2504 848 2551 constitit,
882 2502 1046 2555 gradum
1072 2502 1155 2553 ejus
1178 2502 1362 2553 pervenit.
1413 2501 1587 2543 Maxime
1611 2515 1703 2544 vero
1731 2505 1846 2544 etiam
1873 2505 2052 2556 sapientis
2078 2505 2261 2545 interaese
2287 2504 2457 2552 debebit,

222 2570 327 2612 illam
353 2569 471 2610 etiam
495 2568 788 2615 humanitatem,
819 2577 920 2618 quae
941 2566 1147 2618 juvenilem
1172 2566 1282 2616 quasi
1307 2566 1458 2616 generis
1484 2566 1643 2607 humani
1671 2570 1838 2608 aetatem
1866 2568 2070 2614 constituit,
2103 2569 2144 2607 et
2168 2566 2220 2606 ad
2245 2578 2365 2617 quam
2392 2579 2458 2610 ve·

222 2637 325 2674 teres
351 2632 511 2671 suismet
535 2631 679 2670 viribus
706 2632 894 2671 enitentes
917 2630 1191 2681 pervenerunt,
1217 2629 1409 2678 cognitam
1432 2628 1600 2676 habere,
1627 2631 1719 2679 quia
1746 2642 1797 2670 ex
1824 2631 1899 2670 hac
1924 2632 1982 2670 vel
2008 2631 2175 2670 maxime
2199 2630 2360 2681 intelligi
2386 2642 2460 2682 po·

221 2699 309 2744 test,
335 2694 429 2746 quid
454 2693 608 2733 efficere
632 2694 754 2743 possit
778 2694 940 2740 animus,
966 2694 1005 2732 et
1030 2691 1121 2741 quia
1146 2689 1243 2730 haec
1268 2693 1400 2730 nostra
1425 2692 1669 2743 ingeniorum
1697 2694 1861 2740 cultura,
1897 2703 1997 2744 qnae
2020 2692 2132 2732 virilis
2158 2694 2274 2741 quasi
2296 2697 2462 2735 maun-i—

221 2760 310 2802 tatis
336 2758 503 2800 formam
528 2757 720 2808 exprimit,
747 2758 917 2797 maxima
942 2767 991 2797 ex
1016 2756 1126 2807 parte
1152 2764 1203 2793 ex
1227 2753 1292 2793 illa
1316 2755 1399 2807 ipsa
1416 2752 1660 2796 Graecorum
1685 2759 1802 2809 atque
1818 2756 2080 2798 Romanorum
2099 2754 2344 2798 humanitate
2369 2761 2463 2800 nata

223 2826 283 2864 est
307 2835 359 2864 ex
385 2831 508 2871 eaque
532 2820 686 2870 pendet.
738 2821 849 2861 Haec
873 2821 989 2860 etiam
1015 2827 1131 2858 causa
1157 2820 1226 2863 est,
1260 2828 1332 2857 cur
1357 2820 1582 2858 recentioris
1609 2821 1746 2858 aetatis
1771 2821 1894 2859 studia
1920 2819 2025 2858 nullo
2051 2819 2174 2858 modo
2198 2830 2225 2859 a
2250 2820 2360 2861 fonte
2388 2834 2461 2861 suo

225 2885 349 2926 divelli
373 2883 523 2938 possint
546 2881 620 2924 nisi
645 2882 769 2924 multo
788 2883 930 2926 damno
950 2893 1032 2922 suo.
1085 2879 1154 2921 Pie
1169 2879 1287 2931 igitur
1302 2880 1419 2921 etiam
1437 2880 1477 2921 in
1493 2883 1694 2933 posterum
1712 2883 1870 2925 colenda
1888 2883 2002 2922 erunt
2020 2880 2120 2922 haec
2136 2882 2271 2934 prima
2288 2887 2463 2926 omnium
