2634 3601
205 354 352 402 aliena,
379 353 544 398 altemm
570 356 609 396 in
636 367 773 397 eorum
799 357 916 398 nimia
941 360 1000 399 sui
1028 357 1328 405 existimatione,
1360 362 1462 408 quae
1487 356 1623 398 eadem
1650 360 1708 398 est
1733 361 1970 411 arrogantia,
2004 362 2212 412 coniuncta
2239 373 2330 402 eum
2358 373 2451 403 con-

205 418 331 456 temtu
361 416 536 458 aliorum.
588 418 713 460 Priori
745 420 923 463 vitiorum
957 431 1119 474 genere,
1156 419 1260 471 quod
1294 420 1412 462 animi
1441 420 1652 461 acerbitate
1687 422 1920 471 continehir,
1956 424 2031 466 hae
2066 423 2450 477 comprehenduntur

207 479 344 520 Stoicis
376 482 541 521 tributae
574 485 802 523 sententiae:
837 486 1031 524 neminem
1061 483 1353 524 misericordem
1385 494 1470 524 esse
1496 484 1568 523 nisi
1595 483 1756 522 stultum
1789 487 1829 524 et
1852 485 1992 531 levem;
2025 488 2067 525 in
2091 489 2303 539 sapientem
2331 489 2449 540 igitur

205 552 285 581 uon
314 543 451 584 cadere
486 545 810 592 misericordiam3
843 547 966 596 gratia
1000 547 1212 597 sapientem
1248 557 1446 597 nunquam
1481 547 1643 593 moveri,
1680 557 1881 597 nunquam
1916 547 2146 597 cujusquam
2169 550 2306 592 delicto
2333 553 2443 603 igno-

202 616 310 647 scere
336 610 374 648 et
400 609 567 649 maxime
593 608 751 660 quidem
778 618 866 649 eam
892 608 942 650 ob
963 619 1132 657 causam,
1159 609 1251 659 quia
1276 611 1405 653 omnia
1428 613 1589 662 peccata
1613 611 1724 662 paria
1750 611 1843 658 sint:
1871 611 1966 652 nulli
1985 612 2104 663 igitur
2131 611 2268 653 delicto
2291 616 2439 655 veniam

202 670 367 710 dandam
402 684 509 718 esse;
545 673 756 723 sapientem
790 682 870 710 non
902 672 1076 717 exorari,
1110 682 1191 711 non
1216 673 1377 722 placari;
1412 674 1502 713 inde
1529 675 1657 723 sequi,
1691 676 1736 712 ut
1767 677 1949 724 rogantes
1983 674 2131 724 aliquid
2161 675 2219 713 vel
2253 677 2441 727 supplices

201 736 414 780 aversetur,
450 745 475 773 a
509 745 550 773 se
583 735 754 784 repellat.
816 734 878 773 Ex
912 734 1033 775 altero
1064 734 1243 774 vitiorum
1276 746 1437 785 genere,
1471 736 1577 786 quod
1613 736 1751 776 Stoicis
1781 736 1857 776 hoc
1891 737 1979 776 loco
2010 737 2292 787 exprobratur,
2325 739 2444 779 nimia

199 797 258 836 sui
285 797 577 844 existimatione,
606 798 683 837 sive
709 797 948 849 arrogantia,
976 797 1182 848 conjuncta
1208 808 1297 840 cum
1321 799 1485 841 aliorum
1513 801 1723 846 contemtu,
1750 799 1824 840 hae
1851 803 2083 842 emanarunt
2109 799 2329 841 Stoicorum
2356 813 2443 843 sen-

199 861 357 900 tentiae:
395 861 497 899 solos
524 861 733 911 sapientes,
766 861 915 900 etiamsi
942 861 1194 902 distortissimi
1220 862 1316 909 sint,
1349 874 1433 902 esse
1458 861 1668 908 formosos,
1702 863 1733 902 si
1760 864 2058 911 mendacissimi,
2086 865 2240 912 diviteS,
2267 866 2299 905 si
2326 867 2442 906 servi-

198 926 322 963 tutem
345 925 527 970 serviant,
553 935 687 975 reges;
721 927 889 970 ceteros,
924 924 990 973 qui
1015 925 1204 974 sapientes
1229 935 1308 964 non
1334 926 1428 971 sint,
1461 935 1545 963 esse
1570 924 1765 975 fugitivos,
1797 918 1949 972 exules,
1984 928 2134 974 hostes,
2162 929 2339 974 insanos;
2378 940 2439 968 sa·

198 987 366 1037 pientem
393 986 485 1026 nihil
511 987 679 1037 opinari,
712 986 853 1025 nullius
880 987 935 1026 rei
962 988 1178 1038 poenitere,
1211 988 1317 1028 nulla
1349 988 1390 1028 in
1428 997 1472 1027 re
1505 986 1601 1033 falli,
1640 989 1880 1035 sententiam,
1900 999 2099 1039 nunquam
2131 992 2304 1037 mutare,
2342 1002 2441 1033 nun-

198 1061 316 1100 quam
348 1051 480 1096 irasci:
517 1053 562 1090 ut
591 1062 671 1090 uno
697 1051 814 1089 verbo
841 1062 925 1090 rem
950 1051 1270 1102 complectamur,
1306 1051 1539 1100 sapientem,
1574 1051 1716 1090 scilicet
1742 1052 1915 1091 Stoicum
1942 1054 2173 1101 sapientem,
2208 1065 2364 1105 semper
2390 1057 2440 1095 ab

198 1113 303 1152 omni
331 1123 482 1159 errore,
518 1113 567 1152 ab
595 1113 701 1153 omni
727 1112 983 1153 imbecillitate
1008 1113 1120 1164 longe
1146 1113 1301 1160 abesse;
1336 1122 1537 1162 nunquam
1573 1123 1662 1152 eum
1699 1113 1795 1159 falli,
1829 1111 2029 1164 nunquam
2058 1126 2245 1166 peccare;
2281 1122 2440 1158 omnem

197 1176 395 1214 veritatem
418 1178 457 1214 et
482 1176 635 1225 plenam
659 1180 699 1214 et
726 1178 941 1215 absolutam
963 1178 1143 1216 virtutem
1169 1178 1209 1216 in
1235 1177 1317 1225 ejus
1344 1185 1430 1214 esse
1455 1177 1655 1224 potestate.

384 1238 441 1278 Ita
474 1249 607 1279 revera
640 1239 855 1280 sentiebant
888 1238 1026 1287 Stoici,
1060 1238 1176 1290 idque
1210 1241 1255 1280 ut
1288 1238 1614 1294 demonstremus,
1652 1237 1856 1279 afferemus
1891 1239 2077 1289 plurimos
2110 1244 2251 1287 testes,
2288 1246 2438 1282 veteres

197 1302 414 1351 scriptores.
485 1303 660 1342 Primum
693 1303 810 1353 igitur
845 1302 1016 1342 dicamus
1055 1301 1104 1342 de
1132 1313 1270 1343 eorum
1306 1300 1594 1342 inhumanitate.
1661 1300 1721 1339 Ex
1753 1301 1925 1352 ipsorum
1957 1301 2177 1344 Stoicorum
2208 1307 2340 1345 mente
2375 1304 2438 1346 Ci-

200 1376 290 1404 cero
323 1365 405 1415 ipse
439 1365 606 1416 plurima
639 1366 808 1411 disserit,
840 1369 885 1405 ut
914 1366 997 1415 jam
1030 1365 1129 1411 dixi,
1157 1366 1290 1415 paucis
1314 1365 1426 1404 annis
1452 1367 1542 1414 post
1567 1364 1739 1403 habitam
1765 1365 1866 1404 hanc
1892 1367 2126 1414 orationem,
2161 1368 2201 1406 in
2227 1368 2437 1418 paradoxis

196 1428 404 1479 praecipue
430 1430 547 1479 atque
571 1430 610 1468 in
636 1429 957 1480 disputationibus
984 1428 1221 1468 Tusculanis.
1285 1428 1329 1467 In
1358 1426 1583 1467 Tusculanis
1611 1428 1762 1477 saepius
1790 1427 1897 1475 dicit,
1933 1429 2233 1470 misericordiam
2262 1442 2342 1470 non
2371 1442 2435 1470 ca-

198 1492 290 1531 dere
333 1493 373 1530 in
412 1493 641 1541 sapientem,
688 1492 830 1541 quippe
863 1502 964 1540 quae
1004 1491 1296 1531 adnumeranda
1333 1491 1381 1529 sit
1420 1490 1537 1528 animi
1574 1491 1946 1539 perturbationibus,
1988 1502 2089 1541 quae
2120 1495 2433 1543 tranquillitatem

196 1554 314 1595 animi
357 1556 396 1594 et
429 1555 584 1594 beatam
623 1554 706 1604 ejus
736 1554 995 1595 conditionem
1029 1554 1185 1600 tollant:
1225 1555 1280 1595 ita
1316 1552 1619 1594 misericordiam
1653 1553 1949 1593 imbecillitatem
1983 1565 2087 1600 esse,
2128 1567 2246 1604 quam
2281 1558 2434 1608 sapiens

196 1619 331 1668 procul
359 1629 384 1656 a
403 1630 445 1656 se
463 1618 615 1656 habeat.
669 1618 714 1655 In
739 1618 838 1655 libro
858 1618 972 1656 tertio
991 1617 1300 1658 Tusculanarum
1327 1617 1639 1667 disputationum,
1668 1618 1791 1667 capite
1817 1617 2110 1663 undevicesimo,
2138 1620 2335 1668 componit
2361 1621 2432 1659 mi·

195 1682 444 1721 sericordiam
478 1692 567 1720 cum
593 1682 652 1720 ira
678 1682 796 1730 atque
822 1680 1047 1726 invidentia;
1079 1681 1138 1721 ira
1163 1680 1268 1726 fieri,
1303 1682 1347 1718 ut
1371 1679 1490 1719 homo
1519 1680 1643 1718 alieno
1670 1680 1771 1718 malo
1799 1680 1985 1729 gaudeat;
2022 1684 2155 1719 contra
2190 1692 2239 1719 ex
2272 1682 2432 1732 aliquus

195 1745 311 1783 rebus
338 1744 505 1783 adversis
532 1743 663 1782 dolere
690 1754 774 1782 esse
800 1743 1125 1788 misericordiam
1164 1743 1330 1782 eundem
1357 1745 1508 1789 autem,
1535 1743 1600 1792 qui
1628 1742 1786 1792 aliquus
1802 1742 1928 1781 rebus
1955 1742 2121 1781 adversis
2148 1742 2291 1790 doleat,
2317 1755 2433 1796 posse

195 1808 311 1846 etiam
342 1806 474 1846 dolere
509 1807 592 1856 ejus
623 1807 740 1845 rebus
776 1806 972 1852 secundis;
1009 1817 1128 1855 quam
1163 1817 1247 1845 esse
1281 1806 1479 1851 invidiam;
1516 1806 1844 1855 quemadmodum
1869 1806 2130 1844 misericordia
2155 1807 2202 1845 sit
2234 1810 2431 1856 aegritudo

195 1880 244 1908 ex
270 1869 426 1908 alterius
457 1869 574 1907 rebus
601 1868 789 1913 adversis,
823 1868 878 1907 sic
908 1867 1153 1907 invidentiam
1181 1867 1459 1917 aegritudinem
1487 1879 1571 1907 esse
1603 1879 1651 1907 ex
1683 1868 1839 1906 alterius
1871 1867 1987 1906 rebus
2022 1868 2215 1914 secundis;
2251 1870 2291 1908 in
2316 1882 2431 1921 quem

195 1932 307 1971 cadat
338 1932 528 1977 misereri,
562 1932 602 1969 in
635 1931 802 1970 eundem
836 1931 953 1970 etiam
987 1931 1126 1971 cadere
1152 1931 1339 1976 invidere;
1374 1942 1454 1970 non
1480 1932 1617 1970 cadere
1652 1935 1785 1971 autem
1817 1932 1856 1971 in
1884 1931 2095 1981 sapientem
2121 1932 2305 1978 invidere;
2338 1945 2431 1985 ergo

193 2007 243 2035 ne
277 1994 450 2034 misereri
486 1993 658 2044 quidem;
693 1993 829 2042 quodsi
864 2004 981 2043 aegre
1015 1994 1116 2034 serre
1152 1994 1292 2033 soleret
1324 1995 1496 2044 sapiens,
1539 1994 1713 2033 futurum
1747 2005 1831 2033 esse
1866 1997 1910 2032 ut
1942 1994 2059 2033 etiam
2096 1995 2267 2034 misereri
2300 1996 2431 2036 soleat.

193 2058 307 2097 Paria
333 2058 448 2108 igitur
474 2057 582 2107 ponit
608 2056 794 2102 invidere,
821 2056 954 2102 irasci,
981 2057 1172 2101 misereri;
1205 2056 1297 2096 nihil
1325 2068 1463 2096 eorum
1490 2057 1627 2096 decere
1655 2058 1885 2108 sapientem:
1922 2058 2052 2095 omnia
2079 2056 2176 2097 haec
2201 2068 2286 2098 esse
2312 2060 2431 2100 imbe—

194 2122 266 2161 cilli
293 2122 409 2161 animi
436 2122 553 2169 atque
579 2119 816 2169 aegritudine
843 2119 979 2159 affecti.
1032 2119 1156 2160 Mirus
1184 2130 1277 2159 sane
1303 2120 1569 2159 imbecillitatis
1595 2118 1733 2158 timor!
1770 2121 1870 2158 mira
1897 2119 2144 2169 aegritudinis
2171 2121 2333 2172 species!
2372 2123 2431 2163 De

193 2196 270 2235 qua
296 2195 340 2223 re
367 2184 406 2222 in
433 2185 606 2222 extrema
632 2182 745 2233 huJus
771 2182 1039 2233 disquisitionis
1065 2184 1177 2233 parte
1202 2182 1424 2222 videbimus.

379 2246 526 2285 Eadem
552 2246 633 2285 fere
659 2246 797 2296 repetit
821 2244 955 2285 Cicero
981 2246 1023 2285 in
1047 2245 1145 2284 libro
1172 2246 1310 2294 quarto
1337 2244 1645 2284 Tusculanarum
1671 2244 1991 2295 disputationum,
2026 2254 2109 2295 cap.
2140 2241 2175 2283 7.
2207 2241 2246 2284 8.
2298 2245 2431 2287 Refert

192 2312 309 2351 etiam
340 2309 405 2349 hic
435 2309 738 2349 misericordiam
772 2309 872 2348 inter
907 2308 1215 2358 perturbationes
1249 2307 1364 2347 animi
1400 2311 1439 2347 et
1464 2318 1598 2358 parem
1626 2318 1712 2347 eam
1745 2308 1855 2358 ponit
1882 2318 1971 2346 cum
1998 2307 2223 2353 invidentia,
2255 2310 2429 2349 aemula—

192 2376 316 2421 tione,
342 2373 633 2419 lamentatione,
667 2372 938 2418 sollicitudine,
972 2371 1164 2418 molestia,
1197 2370 1462 2417 afflictatione,
1495 2372 1773 2422 desperatione.
1826 2370 1951 2416 Vocat
1982 2370 2285 2410 misericordiam
2320 2372 2427 2412 iden·

191 2437 309 2477 tidem
335 2436 613 2488 aegritudinem
648 2446 698 2474 ex
724 2435 879 2474 miseria
905 2434 1060 2474 alterius
1086 2434 1225 2484 injuria
1250 2434 1470 2474 laborantis.
1526 2432 1617 2486 Cap.
1647 2430 1709 2473 12
1737 2433 2004 2474 misericordes
2030 2434 2227 2484 componit
2253 2445 2344 2475 cum
2372 2437 2428 2477 in·

191 2502 303 2548 vidis,
329 2501 539 2546 malevolis,
565 2500 704 2545 lividis,
729 2499 871 2538 timidis
897 2501 942 2537 ut
966 2498 1151 2547 proclives
1178 2498 1229 2537 ad
1253 2498 1560 2547 perturbationes
1586 2498 1715 2536 animi.
1767 2497 1859 2548 Cap.
1886 2494 1951 2536 26.
1979 2497 2069 2535 tacit
2094 2497 2263 2547 aliquem
2292 2503 2429 2539 contra

191 2565 380 2606 dicentem
407 2565 480 2603 ita:
513 2565 553 2602 at
579 2563 696 2602 etiam
721 2563 906 2602 aemulari
931 2561 1025 2601 utile
1051 2563 1126 2607 est,
1153 2560 1388 2608 obtrectare,
1415 2561 1598 2601 misereri.
1652 2561 1714 2599 Ad
1739 2560 1837 2599 haec
1862 2560 2084 2610 respondet:
2121 2570 2192 2598 cur
2219 2561 2430 2601 misereare

191 2628 318 2680 potius
353 2637 472 2677 quam
498 2625 599 2665 feras
628 2636 763 2676 opem,
796 2626 826 2664 si
862 2624 902 2665 id
932 2623 1059 2664 facere
1085 2619 1238 2674 possis?
1275 2633 1325 2663 an
1352 2623 1434 2664 sine
1460 2622 1722 2663 misericordia
1754 2622 1929 2663 liberales
1960 2632 2045 2662 esse
2079 2632 2161 2661 non
2193 2623 2430 2672 possumus?

191 2692 280 2732 Non
314 2690 417 2729 enim
450 2690 644 2738 suscipere
678 2689 749 2738 ipsi
784 2687 1039 2738 aegritudines
1065 2688 1224 2736 propter
1258 2686 1352 2725 alios
1380 2686 1577 2725 debemus.
1637 2685 1772 2724 Cicero
1799 2686 1912 2736 igitur
1945 2696 2027 2722 non
2051 2685 2133 2723 wit
2158 2684 2430 2728 liberalitatem

192 2755 310 2796 animi
343 2765 390 2793 eo
422 2764 547 2803 usque
575 2752 750 2799 extendi,
784 2754 830 2791 ut
855 2753 895 2791 in
923 2750 1218 2791 imbecillitatem
1249 2750 1366 2789 animi
1394 2753 1532 2796 vertat,
1566 2750 1688 2799 qualis
1720 2751 1769 2789 sit
1795 2748 2066 2788 misericordia.
2122 2748 2215 2798 Cap.
2243 2746 2310 2789 27.
2338 2751 2429 2791 dicit

192 2818 420 2859 medicinam
446 2827 530 2855 esse
556 2814 814 2855 adhibendam
840 2813 1034 2854 miseranti
1060 2823 1184 2863 aeque
1210 2814 1327 2862 atque
1352 2811 1496 2863 lugenti
1524 2815 1561 2851 et
1589 2812 1779 2852 invidenti.
1830 2811 1873 2850 ln
1901 2810 2073 2850 academ.
2110 2814 2259 2862 posti-b.
2294 2825 2328 2855 c.
2367 2813 2427 2856 10.

190 2882 300 2929 dicit,
331 2880 605 2932 Peripateticos
637 2879 968 2930 perturbationem
999 2876 1116 2916 animi
1151 2885 1201 2915 ex
1232 2874 1389 2915 homine
1423 2886 1502 2914 non
1535 2875 1731 2914 sustulisse
1766 2874 1833 2913 sed
1867 2873 2055 2920 docuisse,
2087 2877 2231 2916 natura
2257 2876 2362 2918 hunc
2389 2883 2427 2919 et

189 2947 460 2987 condolescere
487 2946 526 2984 et
550 2944 822 2996 concupiscere
847 2945 886 2983 et
904 2943 1154 2983 extimescere
1181 2941 1220 2981 et
1246 2939 1373 2980 efferri
1399 2939 1553 2986 laetitia,
1580 2949 1816 2990 quamquam
1841 2938 1945 2978 illam
1972 2939 2308 2989 perturbationem
2336 2953 2427 2982 con—

188 3010 395 3051 traxissent
427 3010 467 3049 in
501 3010 786 3059 angustumque
820 3006 1084 3048 deduxissent:
1117 3004 1311 3045 Zenonem
1346 3015 1438 3043 vero
1472 3004 1650 3042 omnibus
1685 3002 1744 3042 his
1780 3003 1889 3051 quasi
1916 3002 2065 3041 morbis
2100 3004 2267 3105 voluisise
2294 3017 2427 3048 carere
