2634 3601
194 299 272 338 que
299 296 348 327 ex
374 284 459 331 ipsa
484 282 678 320 communi
707 281 909 330 opinione,
944 288 1064 327 quam
1091 279 1244 329 saepius
1264 279 1347 329 jam
1375 279 1506 320 decori
1533 279 1718 320 arbitram
1744 279 1835 325 feci,
1860 290 1965 318 nunc
1984 278 2069 328 jam
2092 290 2252 330 prorsus
2277 277 2434 332 damna·

193 354 270 394 tur.
320 344 585 389 Extomorum
616 341 812 387 bonorum
846 350 984 386 curam
1016 351 1099 383 non
1133 340 1455 384 contemnendam
1487 341 1555 384 sed
1587 340 1627 382 in
1659 339 1876 382 officiorum
1909 349 2075 381 numero
2109 339 2329 384 habendam
2354 338 2437 384 osse

191 412 342 463 sapiens
369 409 503 448 noster
527 406 599 450 has
629 405 681 445 nb
710 415 849 445 causas
882 407 1028 451 censet,
1052 406 1222 454 primum
1249 405 1342 454 quia
1368 408 1550 445 externae
1576 405 1675 443 vitae
1701 403 1974 443 sustentandae
1999 403 2064 441 illa
2089 404 2311 451 inserviunt,
2337 416 2436 457 quae

189 474 327 517 eadem
352 470 472 512 animi
498 470 698 513 bonorum
724 467 1018 508 fundamentum
1043 468 1102 507 est
1129 464 1191 518 (cf.
1218 476 1306 517 pag.
1334 462 1428 521 23.)‚
1455 466 1612 514 deinde,
1646 466 1738 518 quia
1765 465 1917 517 copiam
1943 464 2008 507 illa
2033 464 2278 516 suppeditant
2304 468 2355 512 ad
2380 469 2437 511 in-

187 537 349 591 genium
372 534 488 575 bonis
516 532 663 572 artibus
689 528 955 576 excolendum,
981 529 1148 580 denique
1175 527 1227 568 ad
1252 529 1377 570 multa
1402 531 1477 570 alia
1504 529 1663 570 consilia
1687 529 1917 582 pertinentia
1942 528 1993 568 ad
2010 538 2259 570 communem
2275 531 2439 576 salutem

188 598 445 655 perficienda,
470 597 512 635 in
538 594 678 644 quibus
703 591 865 630 facultas
891 591 974 630 aliis
1002 591 1101 629 bene
1127 589 1291 631 faciendi
1317 594 1488 643 primum
1514 594 1664 633 obtinet
1688 594 1828 632 locum.
1873 591 1974 631 Nam
2001 602 2094 630 sane
2120 591 2320 632 altioribus
2346 605 2437 635 con-

191 666 285 706 siliis
309 660 494 702 inservire
518 657 661 696 debent
687 656 873 693 externae
900 664 1005 703 opes.
1051 653 1187 702 Itaque
1215 652 1391 694 Christus
1418 667 1738 706 unumquemque
1763 655 1891 705 aliqua
1917 654 2073 704 quidem
2100 666 2150 694 ex
2173 657 2285 706 parte
2312 660 2440 698 exter.

193 738 336 770 norum
362 724 559 764 bonorum
585 718 806 769 compotem
832 715 976 759 horum
1002 716 1175 768 ipsorum
1209 715 1301 774 facit
1327 717 1680 760 administratorem
1706 728 1810 766 esse,
1843 716 1952 769 quus
1978 717 2147 769 diligenti
2174 719 2213 758 et
2240 716 2440 769 religiosae

194 800 312 832 curae
339 788 524 827 externae
549 792 642 833 opes
669 791 694 819 a
721 779 808 818 Deo
836 779 912 818 sint
938 779 1197 825 concreditae,
1233 780 1343 830 quus
1371 781 1709 822 administrationis
1737 781 1928 821 rationem
1956 779 2164 829 aliquando
2189 780 2253 819 ille
2279 780 2328 819 sit
2351 780 2438 822 red-

193 856 355 896 diturus.
407 849 615 888 Praeterea
641 844 725 893 ipsa
751 852 847 882 sana
870 843 970 882 ratio
1007 844 1047 882 et
1073 843 1240 881 maxime
1267 843 1426 892 quidem
1452 856 1586 885 rerum
1611 845 1846 886 naturalium
1872 843 2031 883 scientia
2056 853 2128 882 nos
2156 842 2289 889 docet,
2320 843 2437 884 inter-

193 929 286 959 nam
313 912 451 954 mentis
478 910 595 948 vitam
629 908 683 946 ita
710 917 801 946 cum
828 916 994 956 corpore
1025 915 1108 944 esse
1131 905 1325 955 junctam,
1358 908 1404 944 ut
1430 907 1549 957 ipsius
1576 907 1715 947 mentis
1742 907 1883 946 sanitas
1909 915 2052 956 magna
2083 916 2133 945 ex
2158 907 2270 956 parte
2302 916 2325 946 e
2351 917 2437 946 cor-

193 980 299 1033 poris
318 975 479 1016 sanitate
501 970 679 1024 pendeat,
706 979 829 1019 quum
856 978 879 1006 e
905 967 1010 1006 laesa
1038 967 1209 1017 corporis
1235 967 1452 1008 valetudine
1476 969 1655 1008 facillime
1682 970 1799 1009 etiam
1825 969 1962 1009 mentis
1988 968 2226 1009 imbecillitas
2244 971 2436 1008 nascatur.

192 1042 286 1083 Inde
311 1038 435 1089 patet,
459 1033 632 1083 corporis
658 1031 950 1072 necessitatibus
977 1030 1178 1079 diligenter
1203 1029 1481 1079 providendum
1510 1042 1606 1071 esse.
1659 1031 1788 1075 Vitam
1815 1032 1980 1081 denique
2006 1032 2129 1083 ipsam
2156 1031 2438 1081 religiosissime

194 1098 495 1147 conservandam
529 1106 630 1142 esse,
666 1093 805 1134 eadem
840 1103 935 1133 sana
972 1092 1073 1132 ratio
1109 1091 1238 1139 docet,
1272 1092 1413 1144 quippe
1446 1105 1547 1144 quae
1573 1093 1868 1135 fundamentum
1894 1094 1960 1141 sit,
1993 1093 2035 1133 in
2068 1104 2147 1144 quo
2173 1092 2292 1147 ipsius
2320 1094 2437 1134 animi

192 1168 268 1208 vita
293 1164 437 1204 nitatur
473 1169 563 1199 cum
590 1158 771 1196 omnibus
799 1157 878 1195 suis
903 1155 1046 1194 viribus
1072 1155 1147 1201 ita,
1177 1156 1222 1194 ut
1248 1155 1331 1194 sine
1358 1158 1518 1197 externa
1551 1158 1628 1197 vita
1654 1157 1760 1197 nulla
1787 1157 1947 1208 cogitari
1972 1157 2094 1208 possit
2119 1157 2237 1195 animi
2269 1157 2346 1196 vita
2371 1168 2437 1197 ne·

191 1241 268 1282 que
294 1238 358 1273 ea,
385 1235 486 1275 quae
514 1234 604 1262 cum
630 1222 706 1261 hac
734 1220 940 1269 conjuncta
967 1221 1037 1265 est,
1065 1218 1348 1269 comparandae
1374 1220 1558 1261 scientiae
1585 1222 1902 1271 exercendaeque
1927 1221 2075 1260 virtutis
2098 1220 2279 1266 facultas3
2314 1220 2440 1261 divino

192 1291 348 1334 consilio
377 1288 508 1328 datam
534 1284 647 1324 nobis
675 1294 760 1322 esse
785 1282 923 1328 vitam,
958 1283 1003 1320 ut
1036 1281 1145 1321 locus
1169 1281 1280 1321 nobis
1316 1281 1364 1320 sit
1390 1283 1629 1323 exercendae
1655 1284 1821 1330 virtutis,
1855 1294 2021 1333 eamque
2047 1283 2171 1334 ipsam
2203 1283 2255 1323 ob
2284 1293 2441 1323 causam

191 1368 279 1399 eam
312 1363 396 1393 esse
431 1349 610 1401 religiose
643 1346 839 1386 tuendam.
893 1344 1029 1385 Altera
1063 1356 1113 1385 ex
1139 1346 1249 1396 parte
1276 1355 1368 1384 sane
1395 1346 1546 1397 sapiens
1573 1359 1654 1387 non
1679 1348 1849 1399 ignorat,
1880 1346 2048 1386 incidere
2074 1357 2188 1397 posse
2214 1357 2281 1386 eos
2316 1357 2440 1393 casus,

191 1423 231 1465 in
258 1418 397 1469 quibus
430 1415 514 1465 ipsa
549 1413 667 1452 etiam
693 1410 770 1449 vita
803 1410 845 1449 in
871 1409 1008 1448 eadem
1036 1409 1270 1449 immolanda
1305 1409 1354 1448 sit
1380 1419 1467 1457 ara,
1493 1412 1561 1451 ubi
1588 1412 1712 1451 omnis
1733 1412 1883 1462 generis
1910 1410 2097 1450 sacrificia
2125 1410 2323 1451 offerenda
2352 1414 2442 1451 sunt

190 1489 396 1535 supremae
428 1478 548 1529 ipsius
579 1475 651 1514 Dei
685 1472 893 1518 voluntati;
928 1471 996 1510 sed
1029 1482 1117 1510 eam
1152 1472 1419 1510 necessitatem
1452 1483 1570 1522 qnam
1600 1475 1773 1513 maxima
1808 1472 1986 1513 cautione
2017 1472 2308 1523 ponderandam
2344 1485 2441 1520 esse,

190 1547 333 1598 quippe
361 1552 462 1591 quae
489 1542 575 1578 tum
602 1537 762 1576 demum
789 1535 949 1579 incidat,
982 1535 1050 1573 ubi
1076 1546 1150 1585 pro
1174 1535 1374 1573 altioribus
1400 1537 1611 1576 retinendis
1637 1538 1749 1576 bonis
1775 1539 1844 1575 aut
1870 1538 1909 1574 in
1935 1535 2172 1574 defendenda
2194 1538 2320 1586 patria
2349 1548 2440 1576 con-

188 1609 309 1652 tentio
338 1607 456 1654 atque
482 1610 614 1652 pugna
638 1598 857 1639 necessario
884 1597 1086 1637 subeunda
1113 1597 1173 1637 sit.

380 1684 458 1725 Sed
488 1684 570 1733 jam
603 1684 850 1720 transeamus
889 1678 940 1717 ad
973 1678 1136 1716 alteram
1166 1681 1337 1728 partem,
1376 1689 1494 1728 quam
1529 1677 1630 1731 (pag.
1667 1674 1748 1730 26.)
1792 1678 1833 1722 in
1867 1676 2094 1727 exponendo
2130 1677 2349 1718 discrimine
2382 1691 2442 1725 eo,

192 1751 299 1805 quod
324 1747 540 1790 intercedat
574 1744 675 1784 inter
709 1742 920 1794 sapientem
948 1739 1207 1780 Christianum
1239 1743 1356 1791 atque
1383 1741 1577 1789 Stoicum,
1611 1741 1832 1788 statuimus,
1868 1750 1946 1790 qua
1972 1738 2127 1789 quidem
2164 1740 2203 1780 in
2228 1743 2339 1793 parte
2364 1742 2439 1782 dis·

193 1813 402 1858 serendum
438 1810 512 1851 erit
545 1807 594 1847 de
625 1808 735 1845 recta
767 1805 851 1855 ejus
887 1814 978 1843 cum
1009 1803 1091 1842 aliis
1121 1803 1258 1854 agendi
1292 1805 1454 1843 ratione.
1507 1803 1591 1844 Hac
1623 1804 1663 1842 in
1689 1815 1734 1844 re
1760 1804 1900 1843 iterum
1932 1802 2045 1841 nobis
2071 1804 2342 1844 revertendum
2368 1807 2442 1845 erit

195 1880 247 1919 ad
273 1872 612 1925 contemplandam
640 1867 943 1908 misericordiam
970 1869 1087 1916 atque
1112 1867 1232 1912 iram;
1259 1877 1351 1907 nam
1378 1880 1426 1907 ex
1454 1870 1562 1907 recta
1587 1867 1705 1907 animi
1731 1870 1911 1908 motuum
1936 1866 2087 1906 ratione
2113 1868 2221 1907 recta
2247 1861 2339 1909 cum
2357 1869 2440 1910 aliis

198 1939 336 1993 agendi
364 1937 468 1978 ratio
497 1935 636 1976 existat
662 1942 821 1973 necesse
847 1932 915 1970 est.

383 2019 500 2059 Stoici
527 2017 688 2066 negant,
721 2012 1003 2059 misericordia,
1041 2012 1175 2052 dolore
1210 2023 1259 2053 ex
1286 2013 1452 2053 aliorum
1479 2013 1589 2052 malis
1617 2014 1824 2064 concepto,
1859 2022 1957 2063 opus
1984 2022 2068 2052 esse
2101 2012 2151 2052 ad
2178 2013 2364 2054 auxilium
2388 2015 2443 2054 fe-

193 2085 359 2128 rendum
386 2071 487 2136 (pag.
514 2076 551 2119 9.
582 2074 677 2131 10.)‚
705 2077 743 2116 id
770 2076 875 2127 quod
900 2076 951 2115 ab
978 2086 1070 2113 vero
1097 2075 1293 2115 abhorret.
1344 2075 1446 2115 Nam
1473 2086 1520 2114 ea
1546 2078 1686 2114 natura
1712 2078 1845 2115 nostra
1870 2078 1946 2121 est,
1974 2078 2018 2115 ut
2044 2086 2124 2114 non
2150 2087 2311 2127 agamus
2336 2077 2443 2116 nullo

191 2150 310 2191 animi
336 2149 458 2187 motu.
511 2143 647 2182 Donec
676 2142 715 2180 in
742 2140 825 2180 sola
852 2139 1086 2190 cogitatione
1109 2140 1326 2179 versabitur
1352 2140 1502 2179 animus
1527 2142 1679 2186 noster,
1712 2139 1753 2178 in
1780 2151 1822 2180 se
1848 2139 2085 2189 acquiescet;
2117 2142 2162 2179 ut
2190 2142 2299 2191 agat,
2333 2151 2440 2180 com-

192 2212 361 2253 motione
388 2206 555 2259 quadam
582 2203 701 2243 animi
728 2213 826 2254 opus
853 2204 929 2249 est,
957 2202 1055 2247 sive,
1082 2202 1371 2252 cogitationem,
1399 2204 1609 2252 antequam
1636 2202 1739 2241 actio
1764 2201 1850 2247 fiat,
1886 2201 1926 2240 in
1953 2212 2107 2242 sensum
2134 2202 2252 2244 animi
2278 2204 2442 2245 transire

191 2284 347 2318 necesse
380 2274 463 2316 est;
499 2269 562 2307 hic
597 2267 782 2305 transitus
820 2268 879 2304 est
913 2276 961 2304 ex
995 2266 1226 2314 cogitatione
1262 2266 1312 2304 ad
1345 2265 1551 2315 agendum.
1606 2263 1788 2311 Quanam
1824 2264 1898 2303 alia
1928 2276 1973 2304 re
1999 2266 2156 2316 intelligi
2189 2267 2311 2316 possit
2337 2267 2440 2313 illud,

191 2339 297 2389 quod
329 2332 503 2387 plurimi,
542 2330 608 2380 qui
643 2329 746 2368 mala
776 2328 979 2368 hominum
1015 2327 1220 2379 cogitando
1251 2327 1508 2379 perspiciunt,
1540 2330 1673 2367 tamen
1709 2337 1756 2366 ea
1787 2338 1833 2366 re
1867 2328 1974 2367 nullo
2001 2328 2118 2368 modo
2149 2332 2440 2370 commoventur

191 2402 242 2444 ad
274 2399 464 2453 agendum
501 2396 541 2434 et
565 2402 728 2445 prorsus
761 2401 840 2430 non
873 2390 964 2430 dant
998 2400 1178 2441 operam,
1209 2392 1254 2429 ut
1287 2390 1332 2430 iis
1368 2390 1599 2431 medeantur
1635 2392 1675 2431 et
1708 2393 1937 2431 succurrant
1964 2402 2037 2443 pro
2071 2391 2167 2431 virili
2201 2402 2273 2432 sua
2298 2390 2439 2444 parte?

189 2474 332 2516 nempe
359 2462 397 2501 id
423 2459 511 2499 inde
539 2458 603 2503 fit,
637 2456 730 2505 quia
764 2455 815 2493 ad
841 2454 1089 2503 cogitandum
1115 2465 1195 2492 non
1223 2454 1372 2493 accedit
1397 2455 1515 2493 animi
1544 2454 1764 2493 commotio.
1818 2455 1848 2493 Ii
1875 2457 2027 2495 tantum
2057 2455 2243 2495 auxilium
2269 2459 2441 2506 praesta-

191 2530 307 2574 bunt,
335 2534 504 2576 quorum
532 2519 651 2560 animi
684 2529 820 2557 sensus
855 2529 904 2556 ex
930 2517 1085 2556 illorum
1111 2517 1304 2557 malorum
1338 2519 1551 2568 conspectu
1583 2517 1847 2556 misericordia
1877 2518 2109 2557 afficiuntur.
2162 2518 2262 2558 Hinc
2287 2522 2332 2558 ut
2358 2519 2441 2559 aliis

193 2602 263 2643 ope
288 2589 425 2631 nostra
451 2583 710 2636 indigentibus
737 2581 837 2621 bene
864 2579 1067 2628 faciamus,
1095 2590 1193 2632 opus
1221 2582 1291 2628 est,
1318 2583 1363 2620 ut
1390 2590 1528 2621 eorum
1555 2590 1627 2620 nos
1652 2579 1739 2631 plus
1765 2581 1939 2621 minusve
1961 2582 2153 2621 misereat.
2208 2581 2311 2622 Hinc
2336 2585 2443 2634 patet

194 2654 332 2699 etiam,
366 2651 416 2691 ad
441 2650 622 2692 virtutem
650 2648 770 2696 atque
796 2654 928 2683 veram
955 2644 1200 2696 sapientiam,
1236 2654 1338 2694 quae
1364 2654 1444 2683 non
1470 2644 1597 2684 solum
1623 2644 1663 2683 in
1691 2645 1958 2694 cognoscendo
1986 2645 2055 2686 sed
2082 2646 2199 2686 etiam
2226 2647 2266 2686 in
2292 2646 2443 2698 agendo

196 2718 384 2761 versatur,
410 2723 511 2764 quae
540 2710 722 2751 omnibus
750 2706 879 2753 malis,
915 2708 1104 2756 quantum
1130 2708 1277 2757 potest,
1310 2706 1506 2754 medem,
1538 2705 1802 2746 misericordia
1829 2718 1928 2759 opus
1953 2719 2048 2747 esse.
2102 2705 2237 2759 Itaque
2262 2708 2445 2754 videmus,

197 2787 365 2818 summos
391 2776 482 2815 villos
515 2775 786 2814 universarum
819 2770 994 2820 gentium
1026 2770 1225 2816 doctores,
1267 2771 1334 2819 qui
1366 2770 1575 2820 plurimam
1612 2769 1723 2808 malis
1759 2779 1895 2810 earum
1930 2772 2141 2811 moralibus
2175 2772 2444 2813 imminuendis

197 2849 356 2892 operam
380 2838 671 2887 praestiterunt,
706 2832 995 2874 misericordiae
1022 2844 1136 2872 sensu
1162 2833 1258 2872 tales
1285 2833 1485 2872 exstitisse.
1548 2830 1647 2880 Quis
1671 2831 1867 2884 popularis
1894 2834 1967 2873 erit
1992 2835 2141 2874 virtutis
2168 2833 2322 2880 doctor,
2358 2835 2443 2886 quis

195 2905 273 2946 late
297 2900 512 2954 patentibus
538 2900 638 2951 vulgi
671 2898 869 2939 erroribus
902 2899 1022 2947 atque
1047 2896 1145 2935 vitiis
1181 2897 1272 2937 satis
1307 2896 1429 2936 valida
1457 2896 1633 2937 doctrina
1659 2898 1861 2944 occurret,
1895 2898 1966 2938 nisi
1992 2898 2163 2949 percitus
2195 2896 2244 2940 sit
2269 2896 2344 2938 hoc
2371 2899 2442 2939 mi-
