2634 3601
1116 201 1528 282 ...¹¹2—

203 360 350 400 tionem
383 359 424 396 et
455 356 820 408 magniloquentiam
854 361 893 399 et
929 360 1137 401 verborum
1161 359 1357 397 tumorem
1382 357 1566 397 incurrat.
1620 356 1682 397 Sic
1710 356 1766 412 (in
1793 359 1901 412 epist.
1928 353 1993 399 53.
2021 356 2078 414 ᾗῇ.
2108 355 2168 399 ll.
2200 355 2276 413 12)
2329 359 2439 407 „To-

200 426 304 467 tam,
337 420 478 469 inquit,
515 420 590 459 huc
624 419 689 474 (ad
720 421 1015 476 philosophiam)
1043 423 1223 461 converte
1247 422 1436 466 mentem,
1469 419 1560 458 huic
1592 421 1732 466 asside,
1767 421 1869 462 hanc
1901 423 2003 469 cole;
2038 423 2171 472 ingens
2196 423 2438 462 intervallum

203 484 304 524 inter
334 484 375 521 te
408 485 449 523 et
482 486 630 524 ceteros
664 484 744 524 fiat.
798 483 945 526 Omnes
977 484 1159 526 mortales
1192 483 1314 523 multo
1351 482 1574 530 antecedes,
1607 494 1688 522 non
1720 483 1845 524 multo
1878 486 1919 521 te
1950 484 2002 523 dii
2034 486 2271 526 antecedent.
2332 484 2438 534 Quid

203 547 305 585 inter
342 548 382 585 te
422 549 460 586 et
493 547 577 587 illos
611 546 887 586 interfuturum
919 549 985 594 sit,
1027 543 1209 597 quaeris?
1259 546 1400 586 diutius
1432 548 1557 587 erunt.
1622 548 1691 593 At,
1733 544 1975 592 mehercule,
2017 549 2147 595 magni
2178 549 2333 588 artificis
2366 552 2437 595 est,

208 608 388 647 clausisse
412 610 538 648 totum
566 609 605 648 in
633 609 811 659 exiguo.“
863 609 949 648 Hoc
980 620 1071 649 vero
1098 612 1175 656 est,
1208 612 1450 660 arrogantem
1477 620 1580 655 esse;
1616 609 1714 648 baec
1738 618 1829 648 vera
1854 608 2031 659 impietas
2059 610 2129 646 est.
2181 608 2307 649 Etiam
2333 613 2436 662 apud

207 669 393 710 Senecam
419 671 590 711 videmus
617 671 791 711 Deorum
822 671 1091 711 verecundiam
1125 671 1176 711 ad
1202 671 1361 712 nihilum
1386 673 1595 713 redactam.
1653 672 1784 721 Pergit
1814 671 1886 709 itae
1931 670 2130 717 „Tantum
2162 672 2323 722 sapienti
2357 685 2437 722 sua,

206 735 392 783 quantum
418 733 504 773 Deo
531 734 655 774 omnis
681 737 788 774 aetas
814 736 931 784 patet.
976 734 1046 774 Est
1072 734 1225 785 aliquid,
1252 745 1329 784 quo
1355 736 1507 786 sapiens
1533 733 1735 774 antecedat
1759 733 1894 779 deum;
1923 733 1986 772 ille
2011 736 2177 772 naturae
2202 745 2296 774 suae
2322 736 2437 775 bene-

207 797 295 835 ficio
326 807 406 834 non
441 797 571 842 timet,
606 807 677 834 suo
708 797 881 846 sapiens;
917 807 1007 835 ecce
1040 807 1104 835 res
1135 807 1294 847 magna,
1328 797 1472 837 habere
1505 796 1803 835 imbecillitatem
1834 795 2021 842 hominis,
2058 797 2305 836 securitatem
2340 798 2438 837 dei.“

209 859 315 898 [dem
350 857 413 911 (de
449 860 663 898 constantia
695 859 896 908 sapientis,
929 855 976 904 8,
1001 855 1055 911 2.)
1091 859 1144 897 ita
1170 859 1353 909 disputat:
1388 871 1470 899 non
1502 862 1630 913 potest
1662 860 1864 908 quisquam
1898 861 1966 897 aut
1999 869 2142 897 nocere
2176 861 2339 910 sapienti
2371 865 2440 901 aut

205 921 406 972 prodesse:
447 921 773 972 quemadmodum
804 921 930 961 divina
962 932 1035 961 nec
1063 922 1185 971 juvari
1218 922 1434 962 desiderant
1466 932 1539 961 nec
1567 921 1666 960 laedi
1698 924 1870 970 possunt.
1924 920 2085 971 Sapiens
2120 925 2253 962 autem
2288 925 2433 964 vicinus

207 984 482 1035 proximusque
508 984 589 1024 Diis
624 984 813 1031 consistit,
847 986 1008 1035 excepta
1034 984 1264 1025 mortalitate
1288 984 1419 1024 similis
1446 983 1568 1023 Deo.“
1620 983 1726 1023 Dixit
1753 985 1867 1024 etiam
1901 984 1977 1023 alio
2004 983 2091 1023 loco
2118 983 2286 1032 Seneca,
2321 987 2362 1025 in
2388 999 2436 1026 eo

207 1046 404 1086 hominem
432 1048 644 1099 sapientem
672 1046 754 1086 Diis
788 1048 878 1100 ipsis
905 1047 1139 1099 superiorem
1166 1058 1267 1096 esse,
1302 1046 1406 1099 quod
1438 1045 1478 1085 hi
1513 1057 1601 1084 cum
1627 1046 1786 1086 adversa
1812 1047 1968 1087 fortuna
1994 1048 2206 1088 conflictari
2240 1060 2321 1089 non
2348 1061 2437 1102 pos-

208 1113 301 1157 sint,
336 1112 487 1161 sapiens
520 1113 640 1161 possit
674 1115 792 1160 atque
827 1123 876 1150 ex
906 1111 980 1150 hac
1010 1113 1256 1150 contentione
1286 1112 1408 1149 victor
1440 1111 1612 1149 evadere.
1671 1113 1799 1160 Atque
1834 1111 2020 1160 eJusmodi
2054 1113 2145 1150 satis
2178 1113 2300 1151 multa
2334 1114 2438 1163 apud

208 1172 396 1214 Senecam
422 1174 684 1222 inveniuntur,
715 1174 783 1214 uhi
816 1174 1113 1225 magnitudinem
1139 1173 1319 1225 sapientis
1341 1173 1454 1214 nimis
1481 1172 1619 1213 inflatis
1645 1173 1768 1213 verbis
1795 1173 1957 1220 extollit,
1989 1173 2201 1225 fragilitatis
2236 1178 2276 1216 et
2302 1176 2435 1217 debili-

208 1236 296 1274 tatis
323 1233 486 1274 naturae
511 1236 705 1274 humanae
730 1247 888 1287 prorsus
915 1236 1066 1275 oblitus.

394 1299 456 1338 Ad
480 1302 697 1338 extremum
723 1299 772 1338 de
799 1299 1016 1339 Stoicorum
1041 1300 1214 1339 moribus
1240 1300 1369 1338 locum
1396 1297 1591 1338 Ciceronis
1618 1297 1791 1343 afferam,
1825 1299 1889 1347 qui
1917 1300 2086 1339 intimam
2122 1302 2235 1350 hujus
2263 1307 2435 1342 mentem

209 1360 320 1400 nobis
347 1360 514 1400 ostendit
540 1360 746 1411 docetque,
781 1360 975 1411 quomodo
1008 1361 1056 1401 de
1082 1360 1217 1401 Stoicis
1243 1360 1405 1400 senserit
1432 1357 1495 1412 (de
1524 1360 1620 1397 orat.
1647 1353 1693 1404 3,
1723 1355 1819 1412 18.):
1860 1358 2040 1406 „Stoicos
2066 1365 2208 1410 autem,
2235 1376 2334 1414 quos
2362 1367 2434 1404 mi-

210 1424 313 1461 nime
343 1424 539 1473 improbo,
574 1422 678 1475 (cum
709 1424 833 1472 lepida
868 1425 1110 1462 simulatione
1144 1426 1260 1473 atque
1292 1424 1467 1461 irrisione
1499 1421 1576 1458 hoc
1601 1422 1844 1470 interjectum
1875 1422 1967 1474 est),
2000 1425 2146 1463 dimitto
2173 1430 2324 1473 tamen,
2360 1440 2434 1466 nec

209 1496 277 1524 eos
309 1476 427 1525 iratos
463 1497 614 1532 vereor,
646 1487 829 1535 quoniam
862 1488 1020 1526 omnino
1054 1488 1165 1527 irasci
1199 1487 1393 1532 nesciunt;
1428 1488 1545 1534 atque
1577 1484 1679 1523 hanc
1714 1486 1759 1523 iis
1790 1484 1914 1524 haheo
1940 1489 2117 1537 gratiam,
2153 1490 2257 1539 quod
2285 1491 2355 1530 soli
2384 1503 2433 1531 ex

210 1549 388 1587 omnihus
415 1549 673 1598 eloquentiam
698 1550 877 1589 virtutem
904 1560 951 1589 ac
977 1550 1203 1601 sapientiam
1229 1549 1426 1595 dixerunt;
1461 1549 1528 1588 sed
1553 1549 1601 1587 ab
1628 1548 1715 1594 hoc,
1742 1559 1857 1598 quem
1883 1550 2116 1597 instruimus,
2142 1555 2296 1592 oratore
2322 1554 2433 1593 valde

209 1611 420 1651 abhorrent
457 1610 596 1663 (pauca
629 1612 846 1659 immutavi,
878 1612 928 1652 ad
957 1624 1042 1652 rem
1077 1612 1169 1652 nihil
1202 1610 1462 1665 pertinentia);
1491 1612 1549 1651 vel
1582 1611 1687 1661 quod
1720 1622 1871 1658 omneS‚
1907 1613 1971 1662 qui
2006 1614 2192 1664 sapientes
2230 1627 2309 1654 non
2342 1617 2431 1663 sint,

209 1685 356 1721 servos,
392 1674 580 1721 latroneS,
607 1674 755 1721 hostes,
789 1675 945 1715 insanos
971 1685 1055 1715 esse
1081 1674 1230 1721 dicunt:
1264 1685 1390 1725 neque
1415 1677 1547 1715 tamen
1574 1684 1810 1724 quemquam
1836 1685 1919 1714 esse
1946 1677 2165 1727 sapientem.
2217 1677 2337 1718 Valde
2361 1690 2431 1719 au-

209 1741 287 1777 tem
313 1741 373 1776 est
397 1738 624 1784 absurdum,
651 1739 686 1777 ei
713 1739 938 1777 concionem
964 1742 1033 1778 aut
1058 1741 1252 1785 senatum,
1284 1741 1352 1777 aut
1376 1739 1499 1777 ullum
1527 1742 1679 1777 coetum
1708 1738 1909 1780 hominum
1938 1741 2193 1786 committere,
2228 1743 2287 1779 cui
2315 1754 2431 1782 nemo

209 1811 368 1847 eorum,
402 1801 467 1850 qui
502 1801 647 1846 adsint,
682 1811 816 1847 sanus,
850 1813 965 1841 nemo
1001 1802 1107 1848 civis,
1139 1813 1254 1841 nemo
1288 1802 1385 1841 liber
1420 1813 1504 1841 esse
1528 1802 1711 1840 videatur.
1763 1801 1941 1847 Accedit,
1975 1802 2078 1851 quod
2104 1804 2283 1843 orationis
2317 1807 2431 1845 etiam

208 1872 330 1913 genus
371 1862 516 1901 habent
554 1862 716 1901 fortasse
750 1864 887 1903 subtile
929 1866 969 1903 et
1001 1865 1106 1902 certe
1138 1867 1316 1910 acutum,
1353 1864 1420 1903 sed
1454 1866 1499 1902 ut
1532 1865 1571 1901 in
1604 1865 1762 1901 oratore
1788 1863 1908 1908 exile,
1951 1864 2189 1911 inusitatum,
2221 1867 2432 1907 abhorrens

207 1925 257 1964 ab
290 1925 447 1964 auribus
480 1925 597 1975 vulgi,
631 1925 858 1972 obscurum,
893 1926 1023 1972 inane,
1053 1926 1229 1977 JeJunum
1266 1937 1313 1965 ac
1346 1929 1472 1965 totum
1504 1925 1710 1975 ejusmodi,
1751 1936 1830 1974 quo
1856 1927 1912 1964 uti
1947 1926 1996 1964 ad
2022 1928 2155 1977 vulgus
2186 1930 2288 1968 nullo
2316 1931 2432 1970 modo

204 1988 334 2037 possit.
387 1987 472 2026 Alia
497 1988 598 2025 enim
625 1990 663 2026 et
688 1988 792 2026 bona
819 1990 858 2026 et
883 1988 984 2027 mala
1009 1989 1188 2028 videntur
1214 1988 1350 2027 Stoicis
1378 1998 1424 2026 ac
1452 1988 1589 2026 ceteris
1617 1988 1781 2032 civibus,
1808 1988 1866 2026 vel
1894 1990 2022 2038 potius
2049 1990 2243 2039 gentibus;
2279 1992 2353 2031 alia
2379 1994 2432 2032 iis

204 2050 378 2095 honoris,
403 2051 650 2099 ignominiae,
684 2051 863 2099 praemii,
899 2051 1088 2099 supplicii;
1123 2061 1213 2089 vere
1238 2061 1288 2088 an
1315 2061 1445 2095 secus,
1481 2050 1573 2088 nihil
1599 2049 1648 2087 ad
1675 2049 1751 2088 hoc
1777 2053 1952 2099 tempus:
1989 2052 2056 2089 sed
2083 2063 2129 2090 ea
2156 2054 2186 2090 si
2214 2065 2432 2102 sequamur,

205 2111 349 2152 nullam
374 2122 547 2163 unquam
572 2122 656 2152 rem
682 2111 843 2153 dicendo
870 2111 1049 2165 expedire
1074 2112 1301 2164 possimus.“

389 2175 569 2224 Apertius
597 2174 731 2214 Cicero
757 2176 861 2225 loqui
895 2186 975 2214 non
1001 2175 1137 2225 potuit.
1190 2174 1372 2214 Videmus
1399 2174 1514 2222 igitur
1539 2173 1660 2211 intimi
1686 2173 1802 2211 animi
1829 2174 1910 2222 ejus
1937 2186 2110 2220 sensum,
2146 2188 2225 2226 quo
2251 2178 2430 2223 declarat,

207 2238 423 2280 Stoicorum
455 2238 690 2288 disciplinam
725 2238 773 2279 ab
801 2239 906 2278 omni
931 2237 1169 2279 humanitate
1191 2249 1350 2289 prorsus
1377 2236 1605 2282 abhorrere,
1642 2235 1691 2276 ad
1718 2246 1963 2277 communem
1989 2239 2104 2278 vitam
2139 2250 2225 2280 eam
2257 2242 2428 2282 inutilem

206 2313 300 2342 esse.
353 2301 460 2342 naec
486 2300 674 2341 sufficient
705 2300 753 2341 de
780 2301 952 2341 moribus
978 2311 1124 2341 eorum.
1176 2301 1363 2352 Apparet,
1391 2310 1458 2340 eos
1482 2298 1568 2350 plus
1596 2298 1666 2338 sibi
1695 2299 1892 2346 tribuisse,
1920 2311 2036 2349 quam
2064 2300 2192 2347 decet;
2226 2303 2343 2343 nimia
2370 2307 2429 2345 sui

207 2366 485 2405 existimatione
519 2364 669 2403 inflatos
695 2365 833 2403 nimios
866 2375 933 2403 eos
969 2364 1038 2403 sibi
1065 2364 1244 2403 sumsisse
1271 2364 1422 2416 spiritus
1458 2365 1574 2412 atque
1597 2361 1698 2400 hanc
1724 2363 1840 2402 etiam
1867 2363 1918 2401 ob
1948 2374 2102 2402 causam
2129 2365 2167 2403 in
2195 2365 2289 2405 alios
2317 2378 2429 2419 aspe-

206 2440 286 2474 ros,
312 2430 540 2468 inhumanos
567 2428 693 2466 fuisse.

390 2491 532 2539 Restat,
558 2493 602 2530 ut
626 2490 674 2530 de
701 2489 856 2531 Catonis
881 2500 1045 2542 persona
1072 2489 1253 2530 dicamus.

946 2585 1077 2637 Gap.
1106 2584 1220 2629 11⁷.
1278 2582 1473 2627 Censura
1503 2581 1691 2626 Catonis.

393 2669 482 2709 Sine
504 2670 620 2710 dubio
638 2668 734 2709 Cato
760 2667 879 2708 homo
905 2667 1050 2719 probus
1075 2670 1193 2717 atque
1210 2667 1319 2708 sortis
1338 2669 1433 2713 erat,
1459 2667 1607 2717 patriae
1625 2677 1759 2706 amans
1775 2668 2007 2717 virtutisque,
2033 2667 2224 2714 strenuus,
2251 2668 2431 2711 laborum

210 2734 374 2785 patiens,
406 2733 456 2771 ad
485 2731 656 2783 pericula
689 2731 916 2783 intrepidus,
951 2730 1019 2770 sed
1047 2733 1092 2769 ut
1122 2732 1343 2777 virtutibus,
1375 2731 1430 2769 sic
1466 2731 1583 2769 etiam
1618 2741 1771 2769 morum
1799 2731 2002 2781 asperitate
2037 2730 2086 2768 ab
2111 2731 2254 2771 usitata
2280 2734 2432 2775 ratione

209 2808 365 2847 prorsus
398 2796 519 2835 aliena
554 2795 673 2833 homo
708 2796 823 2845 plane
855 2794 1051 2844 singularis
1080 2795 1119 2831 et
1150 2794 1265 2844 plane
1293 2794 1397 2838 talis,
1432 2793 1586 2841 qualem
1621 2804 1710 2831 eum
1747 2793 1880 2833 Cicero
1915 2795 1955 2832 in
1989 2796 2123 2831 nostra
2154 2795 2332 2834 oratione
2366 2797 2433 2836 de-

209 2860 379 2910 scripsit,
412 2858 602 2909 perfectus
630 2857 799 2906 Stoicus,
833 2860 878 2898 ut
911 2868 1001 2897 eum
1026 2855 1159 2896 Cicero
1193 2858 1233 2896 in
1258 2856 1543 2908 paradoxorum
1577 2856 1816 2906 praefatione
1850 2857 2024 2908 appellat.
2077 2856 2215 2907 Rigida
2241 2860 2432 2908 quaedam

209 2923 250 2962 in
276 2934 324 2963 eo
351 2925 435 2962 erat
461 2924 499 2961 et
524 2921 624 2961 dura
648 2922 783 2969 virms,
809 2932 889 2961 non
915 2919 1070 2960 condita
1093 2919 1248 2959 lenitate
1279 2929 1406 2970 neque
1433 2918 1512 2958 ulla
1538 2930 1692 2958 morum
1720 2921 1913 2959 suavitate.
1968 2918 2084 2966 Cat0,
2119 2931 2244 2970 quum
2271 2922 2433 2963 aliorum

209 2987 385 3035 pravitati
418 2986 601 3025 obsistere
627 2985 760 3034 vellet,
793 2989 832 3025 et
858 2985 938 3035 ipse
964 2985 1003 3023 in
1029 2984 1161 3023 vitium
1187 2984 1338 3029 incidit;
1380 2993 1494 3033 saepe
1521 2986 1604 3022 erat
1630 2986 1860 3030 contumax,
1897 2983 2028 3029 ferox,
2062 2985 2319 3035 suspiciosus,
2343 2987 2435 3026 alio-

2222 3057 2251 3085 a)
